1752 2927
852 77 913 121 :38

147 221 214 259 per
252 208 488 258 ligamentum
526 209 760 248 antecedenti
801 209 998 257 adhaeret,
1045 221 1132 248 mox
1168 217 1287 249 autem
1329 223 1410 250 cum
1443 224 1489 250 eo
1521 212 1628 263 plane

142 283 334 321 coalescit.

575 369 629 408 4.
679 368 936 407 Processus
966 369 1194 409 uncinati.

251 453 376 492 Medio
408 455 442 491 in
475 455 642 503 margine
674 453 850 493 inferiore
882 455 1060 504 cuiusque
1093 459 1223 492 costae
1255 466 1366 492 verae
1398 456 1628 506 conspicitur

139 529 172 566 in
206 540 321 566 corvo
353 527 477 566 adulto
509 540 726 579 processus,
760 529 820 579 qui
853 527 1003 579 oblique
1036 534 1072 565 et
1101 533 1188 579 post
1218 534 1254 566 et
1284 528 1376 566 infra
1409 531 1540 577 vergit.
1581 529 1625 567 lli

138 615 354 653 processus,
388 603 595 654 insequenti
628 608 756 640 costae
778 601 1046 649 incumbentes,
1080 608 1260 640 vocantur
1282 601 1434 640 hamuli
1456 601 1629 641 costales

141 690 171 714 s.
198 689 417 728 processus
438 674 646 714 ῗιιηοὶηαῐὶ.
707 676 748 714 In
782 675 889 727 pullis
921 675 1119 725 singularia
1151 687 1238 714 ossa
1271 682 1365 724 sunt,
1398 689 1494 727 quae
1525 675 1626 726 liga-

139 752 270 789 mentis
310 762 393 789 cum
434 752 551 788 costis
592 751 883 800 coniunguntur,
930 749 995 788 sed
1035 749 1168 787 deinde
1199 749 1307 801 plane
1340 762 1421 788 cum
1452 751 1497 788 iis
1529 762 1625 788 coa-

138 825 294 863 lescunt.
357 823 478 871 Quum
519 828 641 862 autem
682 824 814 862 diutius
852 824 956 874 quasi
996 825 1144 875 propria
1184 835 1271 862 ossa
1316 825 1547 862 inveniantur
1591 829 1628 861 ct

139 899 351 937 evolutione
390 910 540 950 quoque
581 899 645 936 sua
685 910 706 936 a
747 899 863 936 costis
904 897 1071 936 differant
1108 898 1161 948 (in
1199 910 1347 936 osseam
1387 897 1625 937 substafitiam

141 986 227 1012 sero
260 972 481 1025 transeunt),
514 971 670 1010 habeam
704 984 769 1023 pro
802 971 974 1010 ossiculis
1001 971 1261 1022 singularibus,
1295 972 1379 1011 dum
1401 985 1421 1010 a
1442 971 1625 1011 nonnullis

139 1047 352 1086 auctoribus
385 1059 451 1098 pro
484 1052 670 1085 costarum
703 1045 946 1098 processibus
979 1052 1115 1084 tantum
1147 1045 1339 1085 ducuntur.

840 1186 915 1228 ΙΙΙ.

746 1258 845 1301 Ossa
881 1258 1017 1312 pelvis.

250 1359 371 1398 Pelvis
403 1365 550 1397 constat
581 1372 627 1397 ex
660 1359 809 1397 ossibus
841 1360 1075 1397 innominatis
1107 1364 1143 1396 et
1175 1371 1263 1396 osse
1296 1370 1426 1406 sacro,
1474 1358 1519 1396 de
1551 1370 1623 1410 quo

141 1436 211 1473 iam
244 1446 354 1485 supra
387 1434 555 1472 diximus.
617 1433 745 1485 ltaque
777 1440 910 1482 restat,
956 1439 995 1471 ut
1026 1434 1070 1471 de
1102 1432 1172 1471 illis
1202 1432 1417 1484 loquamur,
1464 1445 1558 1483 quae
1590 1434 1624 1470 in

135 1508 259 1547 adulto
292 1520 407 1547 corvo
440 1507 549 1558 plane
581 1514 795 1557 segregata,
828 1520 895 1559 per
926 1520 969 1546 os
1001 1519 1146 1545 sacrum
1178 1513 1314 1545 tantum
1337 1519 1506 1545 connexa
1528 1513 1622 1545 sunt.

137 1584 185 1621 At
215 1584 250 1621 in
281 1582 380 1634 pullo
413 1583 478 1619 tria
511 1594 610 1628 ossa,
644 1594 664 1619 e
696 1580 829 1632 quibus
861 1587 1055 1633 utrumque
1086 1593 1130 1619 os
1161 1582 1420 1619 innominatum
1450 1582 1624 1632 componi

136 1656 245 1705 solet,
276 1655 385 1707 plane
417 1656 703 1707 perspiciuntur,
736 1667 869 1706 nempe
900 1666 944 1693 os
975 1653 1050 1704 ilei,
1084 1667 1127 1693 os
1159 1655 1278 1702 ischii,
1311 1667 1354 1693 os
1385 1654 1505 1706 pubis.

739 1764 777 1803 1.
828 1763 896 1802 Os
920 1763 1020 1802 ilei.

249 1850 332 1888 Hoc
363 1862 406 1888 os
438 1849 607 1888 omnibus
639 1851 674 1887 in
706 1849 834 1887 avibus
865 1848 1095 1898 longitudine
1125 1849 1293 1898 insignis,
1327 1849 1437 1886 crista
1461 1847 1618 1899 quadam

134 1931 344 1963 transversa
376 1925 411 1961 in
442 1923 532 1961 duas
562 1929 688 1974 partes
720 1922 911 1971 dividitur,
958 1934 1108 1973 quarum
1141 1923 1371 1973 superiorem
1400 1921 1620 1973 ylataeam,

134 1998 347 2037 inferiorem
386 1996 565 2035 renalem
603 2009 795 2035 vocamus.
854 1996 920 2035 Illa
959 1997 1212 2045 extrinsecus,
1259 1996 1354 2034 haec
1400 1997 1622 2034 intrinsecus

134 2078 192 2110 est
223 2083 403 2110 concava.
464 2071 539 2109 Iam
572 2071 838 2122 pei-lustremus
875 2076 1055 2122 partem
1086 2069 1335 2120 glutaeam.
1395 2069 1621 2120 Superlicies

135 2147 214 2183 eius
245 2151 398 2183 externa
430 2156 549 2196 eaque
581 2157 749 2182 concava
782 2145 946 2183 continet
978 2143 1165 2181 musculos
1197 2143 1389 2193 glutaeos,
1429 2155 1450 2181 a
1489 2142 1620 2194 quibus

136 2221 254 2257 omnis
286 2231 372 2270 pars
402 2230 538 2257 nomen
569 2219 679 2269 cepit.
740 2218 968 2269 Superlicies
1007 2219 1147 2255 interna
1186 2217 1334 2256 modice
1373 2228 1542 2255 convexa
1584 2221 1621 2254 et

133 2305 266 2343 aspera
305 2292 439 2330 insidet
478 2290 720 2342 processibus
752 2292 974 2329 transversis
1006 2292 1237 2341 superiorum
1268 2290 1388 2341 pelvis
1419 2289 1619 2328 vertebra-

134 2378 212 2404 rum
245 2371 282 2403 et
310 2371 524 2416 postremae
555 2376 703 2415 quoque
734 2364 834 2402 dorsi
865 2363 1075 2411 vertebrae,
1109 2363 1327 2414 quibuscum
1350 2365 1498 2402 omnino
1521 2375 1618 2401 coa-

133 2439 252 2477 lescit.
313 2438 444 2488 Margo
474 2439 650 2486 internus,
685 2439 746 2489 qui
778 2438 1004 2476 convertitur
1024 2438 1058 2474 in
1080 2448 1282 2487 processus
1304 2438 1479 2488 spinosos
1500 2436 1619 2488 pelvis

133 2513 408 2559 vertebrarum,
453 2518 581 2550 acutus
619 2519 697 2560 est,
744 2523 926 2562 nunquam
966 2516 1087 2549 autem
1127 2512 1162 2548 in
1202 2512 1325 2548 corvis
1356 2523 1438 2549 eum
1468 2510 1619 2549 alterius

134 2588 232 2626 ossis
263 2586 323 2624 ilei
355 2586 556 2635 marginem
589 2587 744 2635 attingit,
778 2587 828 2624 uti
859 2587 894 2623 in
918 2584 1040 2632 fulica,
1072 2583 1287 2635 podicipite,
1321 2586 1448 2634 strige.
1501 2585 1617 2622 Sem-

135 2673 203 2712 per
232 2662 343 2710 igitur
373 2670 578 2711 processus
609 2660 764 2710 spinosi,
797 2660 907 2697 immo
939 2659 1062 2709 potius
1094 2658 1205 2695 crista
1237 2659 1388 2709 spinosa
1411 2670 1458 2696 ex
1489 2669 1616 2695 eorum

135 2734 396 2772 coniunctione
435 2738 540 2781 nata,
583 2745 602 2770 a
643 2738 751 2782 tergo
789 2732 898 2784 plane
937 2732 1219 2783 perspiciuntur.
1280 2731 1320 2772 ln
1358 2743 1404 2769 eo
1436 2731 1614 2780 margine,
