1752 2927
903 93 962 137 14

434 219 486 259 10
515 228 551 260 et
584 218 651 271 11)
685 221 782 260 Ossa
813 224 1065 272 zygomatica.

588 292 654 343 12)
688 295 740 333 Os
771 308 913 335 vomer.

428 365 480 405 13
511 374 547 405 et
580 365 649 414 14)
682 368 777 407 Ossa
809 369 1003 407 turbinata.

431 438 485 478 15
515 447 552 479 et
583 438 653 490 16)
685 442 781 480 Ossa
812 442 1070 493 pterygoidea.

433 511 484 551 17
516 521 552 553 et
583 511 655 564 18)
688 515 785 553 Ossa
818 517 1007 566 quadrata.

584 585 656 637 19)
688 588 741 626 Os
771 588 960 627 maxillare
992 588 1155 626 inferius.

583 658 657 709 20)
690 661 742 700 Os
774 662 986 711 hyoideum.

645 793 684 832 1.
734 792 801 831 Os
833 792 1216 831 intermaxillare.

306 882 346 920 In
394 882 651 921 describendis
690 882 802 921 faciei
840 883 988 921 ossibus
1028 884 1165 920 initium
1204 882 1300 920 facio
1341 882 1386 921 ab
1427 894 1516 920 osse
1553 884 1674 921 inter-

194 955 385 1004 maxillari,
419 958 556 1007 quippe
587 956 686 1007 quod
717 969 790 994 non
822 956 941 994 solum
973 955 1222 1005 magnitudine
1252 956 1332 994 aliis
1362 956 1576 1007 praecedat,
1609 956 1676 994 sed

195 1030 303 1067 etiam
341 1029 497 1068 formam
542 1031 652 1068 rostri
699 1031 895 1068 constituat
938 1030 1099 1080 ideoque
1145 1031 1290 1067 maximi
1329 1031 1504 1068 momenti
1551 1031 1598 1067 sit
1641 1031 1677 1067 in

196 1105 436 1152 systematica
468 1103 655 1153 zoologia.
717 1103 821 1141 Haud
852 1105 961 1154 pauci
993 1109 1168 1141 auctores
1199 1109 1311 1153 atque
1342 1102 1451 1140 iidem
1482 1103 1675 1141 recentio-

195 1172 312 1223 resii)
344 1176 416 1213 hoc
447 1188 490 1214 os
522 1176 658 1227 duplex
689 1189 774 1214 esse
806 1176 999 1224 affirmant,
1032 1176 1099 1214 sed
1130 1175 1299 1214 omnibus
1330 1176 1367 1213 in
1400 1177 1675 1226 craniis‚‘quae

195 1250 361 1299 inspexi,
401 1261 474 1287 non
505 1249 622 1287 solum
655 1262 872 1298 corvorum,
912 1249 978 1287 sed
1022 1251 1129 1287 etiam
1169 1249 1319 1287 aliarum
1359 1251 1498 1298 avium,
1529 1261 1679 1300 semper

196 1334 305 1360 unum
349 1328 484 1360 tantum
531 1334 575 1360 os
613 1322 900 1361 intermaxillare
938 1324 1074 1360 inveni.
1135 1322 1274 1360 Nescio
1321 1334 1365 1360 an
1409 1322 1460 1360 illi
1504 1328 1676 1360 auctores

197 1397 416 1433 erraverint:
443 1395 621 1433 ΔΙίηηηω·
659 1398 754 1434 enim
795 1396 1018 1434 ascendens
1048 1395 1115 1434 sub
1156 1396 1263 1434 finem
1304 1396 1470 1433 fissuram
1509 1395 1676 1446 praebet,

197 1468 415 1520 pei-longam
448 1469 544 1519 apud
575 1482 665 1506 aves
697 1469 871 1520 quasdam
896 1475 933 1507 et
954 1469 1013 1507 diu
1035 1476 1254 1517 manentem,
1287 1470 1335 1506 ita
1356 1475 1394 1506 ut
1415 1468 1588 1507 facillime
1609 1481 1677 1520 pro

197 1541 362 1593 reliquiis
394 1548 540 1579 suturae
571 1542 698 1582 haberi
729 1544 859 1593 possit.
913 1542 1045 1580 Forma
1077 1541 1501 1580 intel-maxillarisossis
1531 1543 1565 1580 in
1596 1542 1679 1580 aliis

199 1616 321 1652 avium
361 1614 563 1664 generibus
602 1615 672 1653 alia
712 1621 781 1653 est.
841 1616 880 1653 In
923 1627 1038 1653 corvo
1077 1622 1133 1653 est
1173 1615 1300 1653 similis
1331 1615 1510 1665 pyramidi
1541 1615 1676 1653 arduae

199 1689 308 1738 eique
338 1687 551 1736 triangulari
582 1694 618 1725 et
648 1688 795 1726 modice
834 1688 976 1736 flexae,
1022 1690 1124 1726 cuius
1156 1688 1255 1726 basis
1286 1700 1372 1738 pars
1403 1689 1564 1726 anterior
1594 1689 1675 1726 cavi

199 1760 348 1808 nasalis,
380 1762 484 1798 cuius
514 1773 610 1812 apex
641 1768 797 1799 rostrum
831 1768 1032 1799 extremum
1063 1767 1131 1799 est.
1190 1761 1270 1799 Hoc
1302 1773 1344 1799 os
1375 1767 1533 1799 rostrum
1564 1767 1678 1798 totum

203 1835 364 1871 anterius
403 1833 567 1871 formans
605 1836 716 1872 ramis
755 1836 850 1881 suis,
895 1835 1074 1872 foramina
1111 1834 1249 1872 nasalia
1289 1835 1444 1871 maxima
1484 1846 1530 1871 ex
1575 1840 1679 1884 parte

203 1906 522 1955 concludentibus,
554 1909 788 1956 coniungitur
819 1919 899 1945 cum
932 1907 1079 1945 ossibus
1111 1907 1296 1945 nasalibus
1329 1913 1364 1944 et
1395 1919 1482 1945 osse
1513 1907 1678 1944 ethmoi-

203 1979 295 2026 deo,
342 1979 474 2017 deinde
514 1992 595 2017 cum
633 1980 781 2018 ossibus
827 1980 1074 2020 maxillaribus
1119 1980 1372 2032 superioribus
1417 1986 1453 2018 et
1497 1980 1678 2031 palatinis.

203 2052 476 2101 Cognoscimus
507 2055 542 2091 in
573 2065 662 2091 osse
693 2054 967 2092 intermaxillari
998 2066 1147 2105 corpus,
1179 2066 1317 2092 ramum
1349 2053 1610 2091 ascendentem
1643 2059 1680 2091 et

202 2137 326 2163 ramos
357 2125 578 2163 alveolares,

316 2210 349 2235 a.
402 2198 587 2249 Corpus
633 2202 760 2236 ossis
805 2198 1232 2247 intermaxillaris,
1281 2204 1398 2237 ortum
1439 2211 1461 2236 e
1496 2209 1679 2236 ramorum

204 2272 309 2308 trium
348 2270 490 2309 illorum
531 2272 814 2319 coniunctione,
860 2271 995 2309 format
1030 2277 1191 2309 rostrum
1231 2260 1404 2309 anterius.
1465 2270 1619 2309 Constat
1658 2284 1680 2309 e

205 2342 397 2380 durissima
428 2343 630 2381 substantia
661 2355 785 2392 ossea,
817 2345 959 2382 interne
990 2350 1110 2381 autem
1132 2350 1189 2381 est
1210 2355 1338 2381 cavum
1362 2350 1398 2381 et
1419 2344 1678 2395 aerophorum.

205 2414 245 2452 In
276 2414 396 2465 pullis,
427 2417 463 2453 in
494 2415 626 2466 quibus
656 2428 742 2467 pars
771 2418 958 2466 posterior
989 2423 1046 2454 est
1077 2416 1328 2466 cartilaginea,
1361 2429 1497 2467 corpu-s
1529 2418 1681 2455 minoris

207 2500 293 2525 esse
323 2487 479 2525 ambitus
508 2488 652 2526 videtur
682 2501 789 2539 quam
819 2490 854 2527 in
885 2489 1015 2527 adultis
1045 2489 1186 2526 avibus.
1240 2488 1321 2536 Qua
1351 2489 1397 2527 de
1428 2501 1539 2527 causa
1569 2490 1678 2527 fora-

207 2561 303 2597 mina
347 2560 485 2597 nasalia
531 2566 567 2598 et
609 2563 768 2599 maxime
812 2568 982 2613 apertura
1036 2563 1188 2600 incisiva
1233 2564 1268 2600 in
1314 2562 1495 2613 pullorum
1543 2563 1677 2600 craniis

298 2716 329 2751 ³³)
358 2713 407 2746 Cf.
432 2713 635 2758 Meursinge,
664 2716 914 2760 Verhamleling
940 2728 1016 2760 pag.
1042 2716 1097 2750 82.
