1752 2927
629 243 681 282 3.
729 243 945 281 Furcula.

166 357 205 395 ln
237 368 282 394 eo
315 368 422 405 osse,
461 356 558 406 quod
589 368 724 394 nomen
755 368 775 393 e
806 356 923 393 forma
955 356 1073 405 cepit,
1110 365 1234 392 ramos
1265 333 1356 390 duos
1387 351 1527 399 digno-

54 431 209 478 scimus,
261 431 320 480 qui
360 431 394 467 in
433 431 591 480 apicem
625 443 656 466 s.
695 427 928 480 sympltysz‘n
965 429 1207 474 conveniunt,
1258 437 1367 476 supra
1407 430 1527 461 autem

54 517 121 554 per
158 504 432 542 extremitates
470 502 695 541 hurum-ales
734 515 814 540 cum
855 502 1002 539 ossibus
1035 500 1268 539 coracoideis
1300 505 1337 537 et
1367 499 1528 550 scapulis

55 577 269 615 cohaerent.
329 577 540 626 Meursinge
570 573 791 626 affirmat‚‘²‘')
823 587 945 613 ramos
976 574 1060 612 illos
1092 574 1185 611 duos
1216 575 1250 611 in
1275 575 1398 610 corvis
1420 572 1528 623 pullis

54 657 244 701 separatos
276 663 360 688 sero
393 652 486 687 inter
517 662 558 687 se
591 649 832 695 coalescere3
865 648 964 698 quod
997 648 1131 685 dictum
1164 647 1335 697 equidem
1368 645 1527 697 probare

53 736 222 773 nequeo,
268 725 402 774 quippe
442 724 501 773 qui
541 723 614 760 hoc
651 735 694 760 os
733 723 768 760 in
807 733 940 759 recens
970 722 1063 758 natis
1094 732 1243 770 semper
1273 719 1429 771 simplex
1462 731 1530 757 nec

54 809 209 847 unquam
243 798 397 845 vestigia
432 797 583 834 fissurae
614 797 788 847 pristinae
819 796 1031 832 invenerim.
1079 793 1152 832 Sed
1175 793 1344 831 laminam
1367 805 1527 841 osseam,

55 882 149 920 quae
180 869 431 920 perpendiculi
462 871 603 907 ratione
636 868 826 919 symphysi
857 867 991 906 insidet
1020 873 1056 904 et
1092 879 1202 917 apex
1229 865 1423 917 furculae
1452 878 1526 904 vo-

55 948 176 991 catur,
217 945 251 981 in
282 943 449 980 neonatis
481 944 604 980 corvis
635 941 910 991 cartilagineam
942 942 1075 979 inveni.
1135 939 1308 978 Ceterum
1340 941 1374 977 in
1405 941 1529 977 corvis

53 1015 193 1053 furcula
222 1028 403 1067 nunquam
436 1029 516 1053 cum
548 1022 672 1054 sterno
705 1014 860 1061 coalita,
907 1013 972 1052 sed
1005 1026 1088 1051 cum
1119 1025 1165 1051 eo
1196 1025 1263 1063 per
1291 1012 1529 1063 ligamentum

55 1091 249 1127 coniuncta
281 1094 446 1140 apparet.

166 1168 314 1216 Rami,
361 1180 433 1218 quo
473 1168 589 1216 magis
627 1166 672 1204 ad
712 1165 901 1217 scapulam
932 1166 1246 1216 appropinquant,
1293 1176 1339 1202 eo
1379 1164 1530 1202 latiores

54 1242 140 1280 liunt
171 1248 207 1279 et
237 1241 394 1292 denique
426 1242 460 1279 in
491 1239 732 1290 triangulares
771 1240 1102 1277 extremitates
1133 1237 1404 1276 humerales
1435 1250 1530 1288 pro-

55 1315 202 1353 cedunt

169 1387 332 1438 Utraque
373 1399 495 1425 earum
537 1392 682 1424 constat
712 1388 747 1424 in
778 1390 939 1424 neonato
973 1397 1087 1423 corvo
1119 1397 1140 1422 e
1171 1384 1346 1422 duabus
1377 1386 1528 1434 parti-

54 1461 160 1509 bus,
207 1473 357 1512 quarum
402 1461 587 1511 posterior
631 1459 716 1497 nihil
763 1460 831 1497 nisi
879 1460 1111 1496 continuatus
1155 1470 1276 1496 ramus
1324 1457 1529 1505 surcularis,

54 1536 217 1572 anterior
256 1533 512 1572 ossiculum
551 1532 857 1582 triangulare
896 1538 964 1569 est.
1026 1531 1063 1569 ld
1103 1530 1312 1580 ligamentis
1351 1543 1433 1569 cum
1466 1537 1529 1568 tu-

55 1609 256 1645 ber-esitate
293 1606 464 1645 furculari
504 1608 601 1644 ossis
641 1606 854 1644 coracoidei
894 1611 930 1643 et
967 1617 1048 1642 cum
1090 1616 1193 1642 ramo
1234 1603 1399 1642 furculae
1432 1616 1528 1642 con-

55 1682 222 1719 nectitur.
282 1680 425 1718 Ambae
463 1686 587 1730 partes
625 1680 742 1730 primo
784 1678 998 1728 cartilagine
1036 1678 1192 1729 quadam
1225 1678 1293 1715 sihi
1324 1679 1531 1726 iunguntur,

58 1755 161 1791 cuius
182 1755 338 1803 vestigia
363 1754 494 1791 diutius
516 1758 725 1790 cernuntur.
779 1751 862 1799 Quo
895 1753 1012 1800 magis
1043 1757 1165 1788 aetate
1195 1751 1408 1801 provehitur
1438 1752 1530 1799 avis,

56 1839 102 1864 eo
135 1828 251 1875 magis
283 1829 376 1864 inter
405 1838 447 1863 se
479 1825 693 1863 coalescunt
720 1824 802 1862 illae
824 1830 962 1875 partes,
994 1830 1031 1861 et
1052 1830 1241 1874 postremo
1264 1825 1530 1861 extremitatem

56 1899 151 1937 illam
184 1899 406 1936 humeralem
441 1898 691 1946 conformant,
731 1898 835 1935 cuius
866 1910 933 1948 per
963 1897 1198 1947 superficiem
1229 1902 1415 1934 externam
1449 1908 1531 1934 cum

57 1972 296 2010 tuberositate
322 1973 418 2009 ossis
442 1971 653 2009 coracoidei
676 1971 889 2008 cohaerent.
936 1970 974 2008 ln
995 1969 1130 2019 angulo
1152 1970 1363 2020 posteriore
1383 1982 1531 2019 super-

53 2039 168 2096 ficies
197 2044 376 2095 quaedam
408 2043 644 2082 articularis
673 2044 916 2094 perspicitur,
956 2054 1050 2093 quae
1089 2043 1263 2080 convenit
1302 2054 1383 2079 cum
1423 2054 1465 2079 ea
1499 2043 1532 2080 in

57 2130 275 2169 processum
307 2116 477 2155 surculari
509 2116 698 2168 scapulae.

168 2213 382 2265 Ligamenta
414 2212 577 2251 furculae
608 2212 701 2250 haec
732 2212 871 2249 inveni:

170 2305 203 2330 a.
252 2290 344 2342 [Δίῃ.
383 2289 768 2342 sterno-furculum
805 2302 976 2340 magnum
1016 2291 1130 2329 oritur
1167 2291 1201 2328 in
1249 2290 1356 2341 apice
1401 2289 1535 2327 cristae

58 2365 227 2404 ster-nalis
259 2372 295 2403 et
325 2365 483 2415 affigitur
513 2366 609 2416 apici
641 2363 819 2402 furculae.

170 2443 207 2481 b.
252 2442 343 2495 Lz'y.
382 2442 764 2493 sterno-furculare
811 2441 1107 2480 coracot'deum.
1169 2442 1296 2480 Latum
1343 2442 1457 2479 oritur
1502 2442 1536 2478 in

59 2518 163 2567 spina
208 2518 320 2554 sterni
365 2523 474 2566 atque
519 2517 672 2565 margini
717 2516 860 2553 interno
907 2516 1147 2554 extremitatis
1197 2515 1393 2553 humeralis
1439 2515 1536 2552 ossis

152 2708 178 2750 *J
207 2707 258 2740 Cl'.
282 2707 493 2750 Meursinge‚
520 2705 771 2748 Vei-handeling
805 2715 881 2748 pag.
907 2703 984 2737 109.
