1752 2927
872 87 933 132 32

163 227 246 254 cum
264 228 418 255 numero
436 223 622 256 costarum
641 224 678 256 et
694 218 795 257 dorsi
811 219 1064 258 vertebrarum
1083 231 1292 270 congruere
1314 219 1444 258 soleat.
1480 218 1590 267 Quod
1606 219 1652 258 ad

163 289 318 328 formam
345 292 486 340 attinet,
513 291 682 329 omnibus
708 292 743 329 in
760 290 861 330 dorsi
876 291 1074 340 vertebris,
1099 299 1248 343 praeter
1270 294 1425 344 primam
1443 298 1479 330 et
1495 298 1651 344 postre-

164 375 274 411 mam,
308 369 365 401 est
386 364 530 403 eadem.
573 364 725 403 Prima
756 365 978 403 vertebra
1009 365 1110 404 dorsi
1141 366 1419 425 simillima-..est
1449 367 1651 418 postremis

164 435 252 474 colli
270 437 466 486 vertebris,
494 450 603 489 quum
628 449 833 489 processus
859 440 1002 490 spinosi
1019 445 1056 476 et
1073 438 1213 490 obliqui
1229 439 1385 478 eandem
1402 439 1482 478 fere
1497 439 1653 477 formam

163 510 379 561 praebeant.
439 511 509 550 Per
539 511 696 550 liberum
726 517 847 550 autem
887 518 924 550 et
955 513 1153 564 superficie
1191 512 1378 551 articulari
1413 525 1481 564 pro
1518 512 1653 551 tuber-

165 584 251 623 culo
285 591 413 623 costae
443 588 584 637 primae
616 591 784 625 ornatum
812 599 1047 638 processum
1077 590 1353 625 transversum
1390 598 1435 625 ac
1472 598 1539 638 per
1568 587 1653 624 sin-

164 658 329 708 gularem
360 658 515 698 formam
541 673 761 712 processus
789 660 950 712 spinosi
974 662 1221 712 posterioris
1251 662 1493 711 cognoscitur
1521 665 1653 699 verte—

165 732 231 771 bra
263 733 375 771 dorsi.
438 733 540 772 Gurlt
578 746 652 772 non
690 734 808 772 solum
847 736 1014 786 primam,
1053 734 1120 773 sed
1159 737 1269 773 etiam
1309 734 1510 773 secundam
1551 733 1653 772 dorsi

164 807 375 846 vertebram
407 808 493 846 colli
523 808 706 846 vertebris
737 808 973 856 adnumerat3
1004 809 1102 860 quod
1135 809 1180 847 de
1212 808 1390 857 secunda,
1423 821 1531 859 quum
1565 819 1653 846 om-

167 882 253 919 nino
287 883 448 920 caeteris
487 882 589 920 dorsi
625 881 810 920 vertebris
848 881 977 920 similis
1017 894 1100 921 cum
1142 884 1262 934 iisque
1302 883 1337 920 in
1377 893 1492 920 corvo
1533 887 1655 919 aetate

165 956 402 1005 provectiore
443 955 576 993 coalita
615 956 682 1004 sit,
728 955 827 994 nullo
866 956 979 994 modo
1016 956 1177 1007 probare
1215 968 1383 1007 possum.
1460 955 1568 1003 Quod
1609 954 1656 993 ad

166 1030 318 1079 primam
349 1029 560 1068 vertebram
592 1031 732 1078 attinet,
774 1029 907 1068 eodem
938 1031 1016 1068 iure
1047 1030 1279 1068 adnumerari
1310 1035 1436 1081 potest
1471 1029 1531 1067 vel
1569 1028 1656 1067 colli

166 1101 225 1139 vel
257 1102 356 1140 dorsi
387 1101 630 1152 vertebrisffi)
690 1103 872 1154 Equidem
913 1115 994 1142 eam
1033 1105 1068 1142 in
1107 1103 1207 1142 dorsi
1236 1103 1489 1142 vertebrarum
1520 1115 1654 1141 nume-

166 1188 245 1214 rum
276 1176 396 1224 retuli,
428 1177 527 1227 quod
558 1178 674 1228 prima
706 1182 812 1215 costa
843 1177 928 1215 huic
957 1177 1154 1215 vertebrae
1183 1177 1302 1215 adfixa
1333 1183 1403 1226 est,
1435 1187 1654 1228 quamquam

165 1249 200 1287 id
232 1249 322 1287 alias
354 1250 392 1288 fit
422 1256 532 1301 atque
562 1252 598 1289 in
629 1250 870 1301 sequentibus
901 1250 1095 1289 vertebriS.
1156 1250 1225 1289 Hic
1253 1252 1350 1289 enim
1372 1250 1465 1288 duae
1487 1261 1653 1288 cernun-

166 1327 224 1360 tur
254 1324 473 1374 superficies
503 1324 719 1362 articulares
750 1325 786 1362 in
815 1330 974 1375 utroque
1005 1324 1142 1373 latere,
1182 1326 1218 1362 in
1250 1336 1409 1376 corpore
1439 1336 1508 1375 pro
1541 1324 1657 1374 cape·-

166 1395 267 1440 tulo,
298 1399 333 1435 in
364 1410 546 1449 processu
577 1403 790 1436 transverso
823 1410 890 1450 pro
912 1397 1121 1437 taberculo
1144 1399 1323 1449 cuiusque
1354 1403 1495 1436 costae.
1537 1397 1656 1436 Prima

166 1475 288 1508 tamen
330 1471 522 1520 vertebra,
569 1471 766 1510 deficiente
803 1470 1010 1523 capitulo,
1064 1471 1184 1510 solum
1225 1470 1436 1510 tuberculo
1479 1472 1657 1509 instructa

167 1549 235 1581 est.
296 1543 425 1595 Itaque
456 1545 492 1582 in
524 1556 684 1596 corpore
715 1547 856 1596 primae
887 1544 1084 1583 vertebrae
1116 1545 1249 1583 nullam
1280 1546 1487 1597 reperimus
1508 1544 1655 1583 foveam

168 1616 414 1656 articularem.

283 1690 389 1738 Quae
420 1697 623 1742 sequuntur
661 1704 729 1730 sex
767 1691 964 1730 vertebrae
996 1692 1203 1730 simillimae
1235 1691 1384 1730 sibimet
1415 1693 1504 1744 ipsis
1535 1703 1655 1743 prae-

165 1763 254 1802 bent
283 1764 419 1814 longos
445 1777 664 1815 processus
700 1766 889 1816 spinosos
924 1767 1197 1816 posteriores,
1237 1778 1380 1817 eosque
1420 1779 1440 1804 e
1478 1765 1656 1804 lateribus

167 1848 408 1890 compressos
441 1844 477 1877 et
507 1840 542 1877 in
575 1839 796 1890 corporibus
828 1839 1082 1879 vertebrarum
1113 1846 1254 1878 rectos,
1315 1839 1356 1877 In
1387 1841 1514 1878 corvis
1545 1839 1656 1890 pullis

165 1923 234 1963 per
262 1911 460 1961 ligamenta
492 1925 621 1951 secum
653 1914 943 1963 coniunguntur,
984 1915 1020 1951 in
1051 1913 1184 1951 adultis
1215 1925 1305 1951 vero
1338 1925 1453 1964 saepe
1482 1914 1519 1951 in
1546 1925 1654 1951 unam

167 1985 329 2023 cristam
368 1985 570 2024 dorsalem
608 1986 846 2035 coalescunt,
895 1988 931 2024 in
970 1999 1041 2038 qua
1080 1988 1296 2038 segregatio
1327 1988 1499 2039 primaria
1529 1987 1655 2038 parvis

167 2063 204 2096 et
233 2057 448 2097 membrana
494 2059 651 2110 quadam
690 2059 851 2098 obtectis
889 2059 1129 2099 foraminibus
1169 2061 1408 2110 significatur.
1484 2059 1656 2098 Proces-

165 2144 232 2170 sus
260 2133 450 2183 spinosos
481 2134 709 2172 anteriores
738 2139 887 2185 praeter
917 2135 1070 2185 primam
1101 2136 1137 2172 in
1167 2134 1282 2173 altera
1312 2140 1451 2172 tantum
1482 2140 1519 2172 et
1548 2135 1654 2172 tertia

166 2205 338 2244 vertebra
368 2207 503 2245 inveni.
577 2207 617 2245 In
648 2208 692 2245 iis
723 2208 888 2245 oriuntur
917 2207 1072 2246 musculi
1103 2208 1265 2246 flexores
1305 2208 1404 2246 colli,
1481 2207 1655 2245 Proces-

165 2291 233 2316 sus
271 2278 431 2332 obliqui
466 2280 698 2332 superiores
736 2279 1005 2331 inferioribus
1040 2282 1203 2320 maiores
1241 2287 1336 2320 sunt.
1409 2281 1508 2320 Inter
1543 2280 1654 2320 binos

247 2481 274 2524 ”J
300 2481 493 2523 Anomalia‚
528 2493 614 2526 quae
646 2482 727 2514 mihi
759 2482 901 2522 videtur,
938 2489 988 2514 est
1021 2482 1121 2514 hacc:
1160 2481 1195 2514 In
1229 2492 1375 2514 corones
1401 2481 1529 2514 sceleto
1555 2493 1573 2514 a
1599 2492 1652 2515 me

305 2544 486 2577 observato
513 2545 602 2588 apud
629 2551 832 2588 postremam
867 2555 1004 2589 quoque
1036 2545 1115 2576 colli
1148 2544 1339 2577 vertebram
1374 2544 1457 2577 locis
1490 2545 1559 2577 suis
1592 2554 1650 2577 ve-

307 2607 406 2649 stigia
432 2613 600 2639 costarum
626 2608 742 2640 inveni
802 2607 992 2651 Longitudo
1019 2618 1132 2640 earum
1159 2609 1215 2640 vix
1243 2608 1340 2640 unius
1368 2613 1418 2640 est
1443 2607 1563 2640 lineae.
1613 2607 1648 2640 Si

306 2669 387 2702 haec
413 2681 481 2702 non
509 2672 551 2703 sit
576 2670 754 2712 anomalia,
781 2671 879 2703 etiam
907 2676 1077 2714 postrema
1112 2671 1190 2703 colli
1218 2670 1374 2704 vertebra
1400 2670 1651 2703 adnumeranda

304 2733 346 2765 sit
371 2733 463 2766 dorsi
489 2733 665 2766 vertebris.
