1752 2927
565 410 1059 475 Pnofflmlum.

737 564 876 584 WQW

75 665 252 720 Omnes
298 676 391 718 sere
437 676 691 734 disciplinae
741 677 939 718 medicae
975 693 998 718 a
1034 676 1131 717 viris
1169 683 1346 718 nostrae
1391 677 1550 718 aetatis

75 758 456 814 praestantissimis
484 757 597 799 adeo
626 757 828 799 excultae
855 765 957 799 sunt
984 765 1027 799 et
1053 757 1108 798 ad
1136 764 1303 798 tantum
1325 755 1546 814 fastigium

76 845 270 887 evectae,
296 845 346 879 ut
370 837 499 879 tironi
526 838 592 878 vix
620 853 670 879 ac
696 853 751 878 ne
778 838 843 878 vix
873 837 1049 893 quidem
1072 836 1339 893 sperandum
1360 837 1428 889 sit,
1456 835 1551 877 fore

75 924 124 958 ut
147 932 238 958 rem
267 933 419 958 novam
446 933 528 958 nec
556 917 748 959 xirorum
786 917 1021 959 doctorum
1056 916 1241 974 ingeniis
1285 916 1459 957 omnino
1487 917 1551 957 in-

76 996 254 1053 dignam
306 996 525 1053 producat
578 1004 623 1038 et
664 1005 901 1054 proponat.
986 998 1082 1039 Una
1127 1004 1293 1037 tantum
1335 996 1550 1037 anatomia

75 1076 385 1133 comparativa,
425 1091 684 1132 quamquam
721 1092 745 1117 a
782 1077 879 1117 viris
916 1076 1049 1117 huius
1082 1075 1291 1132 temporis
1330 1066 1557 1116 excellenss

74 1156 246 1198 tissimis
298 1156 628 1213 diligentissime
682 1163 979 1212 pertractata,
1041 1156 1191 1197 nescio
1256 1171 1307 1196 an
1370 1162 1552 1211 propter

74 1236 208 1293 ipsius
244 1235 568 1292 amplitudinem
597 1237 710 1277 omni
740 1252 789 1277 ex
818 1244 941 1292 parte
980 1236 1223 1277 examinata
1262 1246 1304 1276 et
1338 1235 1551 1276 illustrata

74 1316 143 1357 sit.
216 1317 263 1357 in
292 1317 371 1357 liae
399 1316 510 1357 enim
539 1316 764 1373 disciplina
804 1332 873 1357 res
908 1317 1192 1372 reperiuntur
1219 1315 1336 1356 haud
1364 1330 1547 1371 paucae,

76 1396 130 1437 de
169 1397 324 1452 quibus
360 1396 424 1437 vel
462 1397 514 1436 ab
551 1396 653 1452 ipsis
703 1397 955 1438 auctoribus
993 1396 1286 1452 disceptatur,
1332 1395 1397 1436 vel
1438 1411 1551 1450 quae

75 1477 248 1517 onmino
277 1492 359 1517 non
389 1484 489 1518 sunt
517 1477 774 1532 explicatae.
836 1477 994 1533 Itaque
1024 1493 1155 1532 quum
1190 1494 1213 1516 a
1240 1492 1378 1532 puero
1408 1489 1573 1521 rerum,

75 1556 348 1603 naturalium,
383 1556 587 1613 imprimis
627 1556 951 1613 ornithologiae
979 1556 1123 1597 studia
1151 1557 1191 1597 in
1224 1556 1388 1597 deliciis
1417 1554 1548 1596 liabe-

75 1651 181 1688 rem,
216 1633 453 1692 praecipuo
483 1636 675 1692 quodam
712 1652 859 1677 amore
899 1636 952 1677 ad
992 1637 1252 1677 anatomiam
1290 1635 1552 1691 comparati-

76 1731 168 1756 vam
195 1731 263 1757 me
292 1716 517 1772 applicavi,
556 1732 608 1758 ex
637 1732 779 1773 eaque
806 1732 922 1758 nunc
950 1716 1303 1758 dissertationem
1330 1713 1551 1757 scribendi

74 1796 338 1837 necessitate
375 1803 557 1837 coactus
595 1795 638 1836 id
667 1796 798 1853 elegi,
838 1796 877 1837 in
914 1811 1001 1852 quo
1039 1795 1237 1836 eruendo
1265 1793 1550 1851 exponendo-

75 1891 161 1931 que
190 1875 427 1931 disputatio
456 1891 554 1917 mea
582 1884 843 1917 versaretur.

186 1955 387 1996 Pertinet
425 1955 538 1995 enim
572 1955 652 1996 ista
693 1954 920 2011 disciplina
954 1962 1044 1995 tum
1073 1953 1126 1994 ad
1154 1953 1367 1995 medicam
1398 1962 1549 2005 artem,

74 2042 162 2076 tum
201 2040 346 2075 autem
383 2041 450 2075 est
486 2034 657 2084 oculus,
696 2042 744 2076 nt
779 2035 835 2075 ita
875 2034 1032 2080 (licam,
1071 2033 1322 2090 zoologiae.
1407 2034 1550 2081 Quam

75 2130 219 2156 rerum
248 2114 506 2156 naturalium
535 2124 699 2171 partem
743 2116 811 2170 qui
840 2115 942 2156 volit
969 2124 1175 2155 accurate
1202 2121 1409 2166 tractare,
1441 2128 1548 2169 prae

75 2195 261 2237 caeteris
288 2195 330 2235 id
359 2195 539 2237 studere
577 2211 760 2237 necesse
789 2204 870 2245 cst,
911 2203 956 2237 ut
992 2195 1251 2236 anatomiam
1289 2201 1333 2235 et
1365 2193 1548 2234 hominis

75 2283 119 2316 et
146 2275 389 2316 animalium
418 2275 530 2316 bene
558 2276 778 2333 cognitam
812 2275 983 2317 habe-at.
1057 2276 1169 2317 Nam
1205 2274 1296 2315 sine
1331 2274 1549 2314 anatomia

74 2353 234 2395 nullam
262 2354 513 2411 zoologiam
542 2355 771 2407 exsistere,
801 2363 967 2397 certum
997 2363 1075 2396 est.
1148 2354 1200 2395 Id
1240 2353 1360 2410 quod
1396 2360 1545 2395 nostro

75 2433 344 2489 potissimum
372 2441 571 2491 tempore
597 2434 871 2476 manifestum
901 2443 979 2476 est.
1016 2449 1103 2489 quo
1145 2433 1265 2474 multi
1292 2449 1476 2489 magnos
1505 2440 1549 2473 et

76 2513 462 2555 excellentissimos
491 2514 709 2572 zoologos
737 2530 784 2555 sc
813 2530 910 2555 esse
938 2522 1108 2570 putant,
1147 2515 1180 2554 si
1208 2513 1450 2554 nominibus
1478 2527 1547 2553 reu

75 2593 211 2650 ceptis
247 2593 513 2649 omninoque
546 2594 733 2650 cognitis
770 2610 881 2636 nova
910 2610 1051 2649 eaque
1079 2594 1262 2634 barbara
1290 2608 1423 2650 saepe
1446 2591 1547 2632 sub-

75 2672 269 2723 stituant,
303 2673 338 2714 si
374 2687 484 2714 nova
521 2689 686 2730 genera
725 2684 768 2715 et
804 2674 975 2731 species
1010 2673 1215 2725 forment,
1253 2673 1288 2713 si
1320 2686 1463 2713 mores
1503 2678 1546 2713 et
