1752 2927
824 63 849 106 7

101 206 252 244 squama
285 200 489 244 temporum
523 194 724 243 coniungit.
786 193 952 243 Angulus
991 193 1122 231 deinde
1162 193 1378 246 temporalis
1419 195 1577 232 maxime

101 273 230 305 acutus
261 267 356 318 apud
389 268 508 317 picam
541 273 578 304 et
609 266 840 305 monedulam
872 267 1040 317 quidem,
1078 267 1143 305 sed
1175 279 1248 306 non
1279 267 1374 318 apud
1406 272 1577 305 caeteros

102 353 238 379 corvos
269 342 468 388 invenitur;
502 352 583 378 nam
614 340 711 391 apud
743 353 810 378 eos
836 357 890 374 z
911 337 990 378 800
1025 346 1094 377 est.
1154 341 1192 378 ln
1223 342 1406 378 anteriore
1436 341 1577 377 utrius-

103 427 175 464 que
215 415 312 451 ossis
350 413 536 464 parietalis
574 419 699 463 parte,
744 415 896 463 propius
935 419 1054 451 autem
1094 419 1246 451 externo
1286 425 1394 464 quam
1432 414 1575 450 interno

101 488 254 535 margini
284 489 373 533 sita,
425 485 541 524 tuber
567 484 772 536 parz'elale
808 485 973 523 videmus
1013 491 1048 522 et
1086 498 1194 536 supra
1227 487 1342 536 ipsum
1375 487 1576 534 marginem

101 559 373 598 lambdoideum
403 559 534 597 lineam
566 558 745 609 quandam
779 559 1020 605 eminentem,
1066 560 1123 596 cui
1154 558 1278 609 plures
1310 559 1465 597 musculi
1505 558 1577 596 ad-

103 633 276 680 haerent,
327 645 434 682 quam
473 631 593 670 lineae
633 630 897 669 semicirculari
936 631 1117 681 superiori
1155 632 1313 669 hominis
1360 632 1576 669 simillimam

102 705 236 743 liabeo.
298 705 398 742 Haec
443 704 536 742 linea
583 706 681 742 iuxta
727 704 897 753 angulum
944 703 1186 741 auricularem
1233 705 1266 741 in
1313 716 1355 742 os
1406 706 1577 755 occipitis

102 780 240 816 transit.

216 851 311 889 Ossa
352 851 543 902 parietalia
580 853 648 889 iam
696 852 730 888 in
775 851 876 889 foetu
922 863 942 888 e
986 851 1191 889 substantia
1238 863 1348 888 ossea
1395 857 1578 893 constant,

102 931 263 976 excepto
303 925 364 963 illo
404 924 579 962 fonticulo
620 926 690 962 iam
730 931 957 972 memorato,
1008 926 1070 975 qui
1116 930 1236 962 tamen
1282 925 1399 974 magis
1443 924 1489 962 ad
1534 936 1577 962 os

103 999 274 1050 occipitis
303 1000 472 1049 pertinet.

624 1128 675 1167 3.
725 1127 792 1166 Os
817 1127 1045 1176 accipitis.

216 1219 411 1257 Maximum
460 1224 517 1257 est
564 1219 676 1256 cranii
724 1219 878 1269 eiusque
922 1219 1168 1268 posteriorem
1216 1223 1251 1254 et
1305 1216 1577 1267 quodammodo

101 1293 311 1331 inferiorem
350 1299 488 1344 partem
530 1292 682 1329 obtinet.
742 1292 910 1330 Formam
956 1291 1110 1343 praebet
1154 1291 1322 1328 conchae
1367 1291 1498 1341 planae
1544 1296 1580 1327 et

103 1368 221 1416 magis
251 1368 286 1404 in
316 1366 554 1413 latitudinem,
587 1378 695 1416 quam
727 1367 760 1403 in
791 1365 1054 1413 longitudinem
1087 1372 1216 1415 patens
1248 1365 1293 1403 ab
1326 1364 1473 1402 ossibus
1504 1376 1577 1402 oc-

102 1440 308 1491 cipitalibus
346 1439 495 1477 aliarum
535 1440 654 1476 avium
695 1439 824 1476 differt.
887 1439 995 1489 Apud
1033 1451 1169 1476 corvos
1210 1440 1317 1476 etiam
1349 1438 1575 1485 distinguere

101 1525 298 1564 possumus
320 1518 458 1563 partem
482 1511 727 1562 occipitalem⁷
761 1512 850 1549 duas
883 1518 1005 1562 partes
1038 1510 1209 1549 laterales
1241 1517 1277 1548 et
1308 1517 1446 1562 partein
1479 1523 1578 1548 con-

101 1585 309 1635 dyloideam
341 1584 400 1622 vel
431 1584 647 1629 basilareim
681 1584 746 1623 sed
780 1590 914 1622 tantum
947 1584 1041 1634 apud
1073 1584 1194 1635 pullos
1224 1585 1287 1622 vix
1318 1590 1436 1632 natos,
1470 1596 1577 1634 quum

101 1671 188 1697 mox
217 1671 291 1696 non
321 1658 439 1696 solum
471 1660 563 1696 inter
594 1670 656 1705 se,
703 1657 769 1695 sed
802 1659 910 1696 etiam
943 1670 1024 1695 cum
1057 1670 1144 1695 osse
1175 1658 1386 1695 etlnnoideo
1419 1663 1454 1695 et
1485 1669 1577 1707 par-

102 1732 200 1770 tibus
232 1733 390 1783 petrosis
423 1716 560 1769 ossium
592 1737 796 1782 temporum
829 1730 1105 1781 coalescant*).
1167 1730 1268 1777 Quas
1308 1732 1420 1768 cranii
1458 1736 1580 1781 partes

101 1818 144 1844 os
183 1807 351 1856 occipitis
382 1806 562 1854 attingat,
615 1807 647 1842 in
688 1805 938 1856 descriptione
977 1804 1200 1854 singularum
1232 1807 1385 1856 partium
1417 1804 1578 1842 demon-

100 1879 308 1917 strabimus.

214 1964 245 1990 a.
297 1952 409 1989 Pars
449 1952 730 2002 occipitalis
770 1951 950 1989 simillima
991 1957 1047 1989 est
1085 1951 1284 2001 quadrato,
1323 1952 1426 1988 cuius
1464 1950 1579 1988 latera

101 2031 279 2064 excavata
311 2030 405 2073 sunt,
438 2031 494 2072 et,
526 2026 556 2062 si
587 2025 676 2062 alias
707 2037 796 2063 aves
827 2031 1054 2075 spectamus,
1086 2024 1182 2075 apud
1216 2036 1351 2062 corvos
1382 2037 1577 2075 perparva.

99 2098 229 2148 Margo
269 2099 438 2149 superior
476 2098 703 2148 longitudine
741 2104 905 2148 praestat
955 2104 990 2136 et
1034 2109 1118 2143 cum
1156 2097 1302 2135 ossibus
1342 2097 1579 2147 parietalibus

99 2171 314 2210 fonticulum
354 2171 451 2209 illum
485 2171 690 2219 concludit,
734 2172 778 2209 de
810 2184 881 2222 quo
914 2184 1024 2222 supra
1056 2172 1223 2209 diximus.
1284 2171 1409 2209 Medio
1442 2173 1477 2209 in
1508 2171 1579 2209 hoc

100 2247 265 2295 margine
296 2254 331 2283 et
363 2245 429 2283 sul)
462 2247 542 2296 ipso
576 2245 751 2284 fonticulo
785 2245 892 2284 tuber
913 2245 1246 2291 animadve1·timuS‚
1280 2245 1580 2295 protuberantiae

101 2319 287 2370 occipitali
327 2325 502 2357 externae
543 2319 699 2357 hominis
740 2319 981 2367 simillimum,
1030 2319 1130 2369 quod
1169 2318 1299 2356 melius
1338 2320 1575 2369 conspicitur,

100 2404 173 2442 quo
213 2393 429 2442 provectior
465 2398 586 2430 aetate
625 2394 704 2430 avis
744 2398 819 2440 est,
872 2398 909 2430 et
948 2404 1020 2443 quo
1060 2393 1178 2441 magis
1215 2392 1412 2430 fonticulus
1452 2392 1513 2430 ille
1544 2393 1578 2430 in

101 2465 338 2502 substantiam
370 2477 517 2503 osseam
549 2467 688 2503 transit.
748 2465 935 2516 Margines
966 2465 1139 2504 laterales
1171 2472 1311 2516 partem
1344 2465 1578 2516 occipitalem

192 2631 220 2673 “]
248 2631 284 2663 ln
311 2631 411 2673 pullis
437 2631 632 2674 gallinaceis
659 2632 808 2675 singulas
836 2634 922 2665 oss-is
949 2633 1103 2676 occipitis·
1132 2638 1243 2675 paries
1270 2642 1404 2674 semper
1423 2631 1578 2663 facillime

101 2701 134 2727 et
158 2694 342 2726 clarissime
369 2694 575 2736 distinguere
602 2695 708 2736 potui.
