1752 2927
807 87 865 131 21

102 219 194 258 infra
241 219 320 258 fere
366 231 585 258 convexum.
645 219 686 257 In
734 224 891 270 utroque
941 218 1106 268 margine
1153 215 1295 255 laterali
1337 228 1574 268 processum

103 293 305 343 quendam,
336 299 373 331 ut
404 295 450 331 ita
482 292 621 340 dicam,
659 292 921 343 spoweyiosum
952 292 1237 341 cognoscimus,
1277 291 1335 328 cui
1364 289 1498 328 insidet
1527 300 1572 326 os

102 366 335 405 turbinatum.
394 364 499 404 Alae
528 367 699 404 vomeris
728 378 796 417 pro
828 376 915 403 osse
946 366 1140 413 maximae,
1173 365 1255 415 ipso
1278 363 1339 401 illo
1360 363 1439 401 fere
1460 361 1571 413 duplo

101 440 313 490 longiores,
360 442 586 490 coniungunt
616 452 716 487 eum,
762 440 823 490 qui
852 438 941 477 alias
972 438 1079 490 plane
1111 444 1167 476 est
1205 442 1444 488 segregatus,
1491 448 1574 474 cum

101 526 284 565 processu
315 515 431 553 nasali
461 516 598 553 ossium
629 514 884 565 palatinorum.
945 512 1072 551 Omnis
1095 525 1138 550 ea
1161 513 1369 550 coniunctio
1391 511 1472 549 talis
1503 515 1573 557 est,

101 593 141 626 ut
171 590 262 626 inter
292 588 368 626 alas
399 588 536 625 canalis
566 599 701 638 parvus
732 592 940 634 remaneat,
979 587 1040 636 qui
1079 585 1226 623 ductum
1264 584 1461 635 palat-inum
1493 595 1575 621 cum

103 661 251 699 naribus
283 662 483 710 coniungit.
542 660 671 710 Itaque
701 660 796 710 apud
829 670 964 697 corvos
994 652 1142 706 vomer,
1188 669 1262 695 non
1301 658 1352 694 uti
1386 658 1422 694 in
1453 668 1575 694 mam-

103 733 257 771 malibus
296 733 534 781 observatur,
582 744 692 770 nares
733 737 930 781 segregat,
977 731 1042 769 sed
1080 736 1216 768 tantum
1254 735 1312 767 est
1341 728 1576 767 membranae

102 806 296 844 tendineae
332 806 573 854 inserendae,
625 817 720 856 quae
757 810 865 855 septo
906 804 1146 853 cartilagineo
1193 804 1350 841 hominis
1395 801 1576 840 simillima

102 881 243 918 vomeri
271 879 363 918 infra
394 886 431 918 et
458 885 565 931 post,
606 881 683 917 ossi
712 878 984 916 intermaxillari
1013 883 1097 915 ante
1128 883 1164 915 et
1195 888 1307 927 supra
1338 875 1447 914 affixa
1479 881 1548 913 est.

216 952 410 992 Caeterum
448 965 635 991 vomerem
676 958 811 990 tantum
850 953 885 989 in
923 951 1032 1002 pullis
1062 950 1158 988 bene
1187 951 1402 1001 perspicere
1432 959 1575 1000 possu-

103 1039 195 1076 mus,
227 1039 336 1078 quum
367 1038 455 1065 mox
486 1038 568 1064 cum
598 1027 768 1077 patatinis
799 1024 948 1063 ossibus
978 1024 1087 1076 plane
1118 1023 1320 1062 coalescat.

586 1165 644 1205 8.
695 1165 817 1204 Ossa
840 1165 1094 1203 turbinata.

215 1261 317 1299 Haec
357 1260 517 1298 ossicula
557 1262 704 1298 minima
749 1266 786 1298 et
828 1261 1032 1311 perexigua
1076 1257 1319 1310 processibus
1365 1257 1578 1308 spongiosis

102 1336 264 1372 vomeris
312 1334 471 1372 insident
520 1335 640 1384 iisque
689 1346 757 1384 per
805 1339 928 1383 partes
969 1345 1054 1370 suas
1096 1333 1326 1383 posteriores
1367 1332 1577 1379 iunguntur.

103 1407 193 1445 Inde
232 1413 334 1445 recta
372 1407 639 1458 protenduntur
670 1406 737 1444 sub
769 1411 937 1456 apertura
967 1407 1122 1443 incisiva
1153 1410 1189 1441 et
1219 1405 1415 1452 iunguntur
1443 1403 1577 1440 foveae

105 1480 266 1527 cuidam,
306 1492 400 1530 quae
432 1482 499 1518 sita
531 1486 586 1517 est
616 1482 714 1517 iuxta
745 1491 964 1530 processum
994 1479 1187 1516 incisivum
1219 1478 1316 1514 ossis
1346 1475 1578 1515 intermaxil-

102 1553 202 1591 laris.
261 1553 408 1591 Interno
458 1554 646 1602 utriusque
692 1551 844 1589 ossiculi
889 1553 1043 1600 margini
1090 1561 1257 1588 concavo
1304 1550 1399 1587 inest
1443 1561 1578 1587 nervus

103 1626 349 1664 ethmoidalis.
409 1626 463 1664 Ea
496 1626 680 1673 ossicula,
724 1638 834 1676 quum
866 1625 1061 1662 admodum
1094 1625 1228 1673 exigua
1259 1624 1349 1669 sint,
1396 1624 1431 1660 in
1461 1634 1578 1673 prae-

102 1696 435 1750 parandi‘opere,
486 1711 532 1736 ne
583 1698 700 1736 cultro
750 1703 1010 1745 amoveantur,
1060 1698 1216 1735 maxime
1262 1701 1318 1732 est
1364 1695 1578 1733 cavendum.

105 1771 300 1810 Caeterum
338 1771 397 1809 illa
428 1783 514 1809 ossa
546 1783 612 1822 pro
644 1770 912 1809 inchoamentis
943 1775 1079 1807 tantum
1111 1769 1337 1806 concharum
1366 1768 1579 1806 inferiorum

102 1845 270 1883 habenda
315 1851 411 1883 sunt.
470 1845 625 1895 Reliqua
669 1856 793 1882 earum
833 1855 943 1894 pars,
988 1844 1038 1881 uti
1077 1843 1186 1880 etiam
1224 1842 1372 1880 omnino
1412 1841 1580 1879 conchae

103 1920 311 1969 superiores
343 1924 380 1955 et
409 1918 565 1966 mediae,
599 1923 744 1956 constat
774 1930 795 1954 e
826 1916 898 1954 tela
929 1913 1166 1966 tendinea⁴³⁴),
1198 1927 1293 1965 quae
1319 1914 1466 1952 ossibus
1496 1920 1579 1952 tur-

103 1990 237 2029 binatis
268 1990 440 2040 affigitur.

412 2131 464 2171 9.
515 2131 638 2170 Ossa
661 2130 963 2180 pterygo'idea
988 2141 1026 2169 s.
1052 2129 1274 2168 omoidea.

212 2239 328 2288 Dum,
375 2250 528 2277 vomere
566 2244 602 2276 et
641 2238 796 2276 conchis
834 2239 974 2276 minore
1020 2243 1155 2275 tantum
1202 2248 1249 2273 ex
1292 2241 1396 2286 parte
1442 2232 1578 2284 osseis,

104 2314 266 2351 cranium
296 2314 431 2361 avium,
463 2315 598 2351 sicum
620 2312 871 2351 rnammalibus
894 2324 1103 2363 compares,
1136 2309 1391 2361 imperfectum
1423 2309 1578 2358 videtur,

104 2393 186 2425 sunt
226 2389 259 2424 ei
299 2393 493 2438 praeterea
534 2398 622 2424 ossa
659 2385 766 2434 bina,
814 2398 908 2437 quae
939 2386 1072 2424 frustra
1102 2386 1138 2422 in
1169 2384 1238 2422 illis
1270 2384 1500 2434 quaerimus,
1546 2388 1582 2420 et

170 2586 200 2628 ¹)
244 2586 403 2620 Conchae
441 2588 636 2631 superiores
669 2588 887 2621 inveniuntur
919 2587 980 2620 sub
1013 2597 1107 2619 ramo
1133 2585 1337 2618 ascendente
1363 2584 1450 2616 ossis
1476 2583 1580 2615 inter-

241 2650 424 2682 maxillaris
460 2656 492 2682 et
526 2655 624 2692 septo
656 2650 788 2681 narium
823 2649 1016 2682 adhaerent.
1075 2647 1233 2681 Conchae
1264 2646 1394 2679 mediae
1419 2645 1582 2678 maximae

242 2712 328 2745 infra
354 2712 550 2756 superiores
577 2718 653 2745 sunt
677 2712 819 2755 positae.
