1752 2927
791 94 852 138 53

87 225 208 262 saccis
238 223 454 274 ae’rophoris
485 221 691 261 abdominis
729 224 764 261 in
803 235 847 261 os
886 223 1037 260 femoris
1075 222 1255 273 pervenit.
1323 221 1558 260 Trochante-

87 309 163 335 rem
196 298 387 343 minorem,
428 307 500 346 quo
533 307 663 333 omnes
693 307 783 333 aves
814 295 980 333 videntur
1009 306 1151 343 carere,
1191 296 1226 333 in
1257 296 1380 333 corvis
1410 306 1559 345 quoque

85 381 152 420 pro
184 374 285 407 certo
316 369 479 406 invenire
500 380 574 406 non
593 369 716 419 potui,
749 375 876 406 contra
897 367 1133 406 animadverti
1154 366 1344 406 tubercula
1365 367 1560 418 quaedam,

85 454 239 493 quorum
270 454 378 479 unum
410 441 572 478 inferiori
606 442 760 491 margini
791 441 917 479 fossae
947 441 1241 479 trochantericae
1271 442 1466 478 anterioris
1497 441 1559 479 in-

86 515 199 562 sidet,
239 514 307 552 alia
345 516 379 551 in
418 520 571 551 externa
607 520 712 565 parte
749 515 951 565 apophysis
990 515 1192 564 superioris
1229 513 1296 551 sub
1327 514 1561 552 trochantere

86 593 372 636 cognoscuntur.
422 587 480 624 Ab
512 597 557 624 eo
588 586 698 625 linea
729 599 877 637 aspera
907 585 1098 624 descendit
1127 585 1207 623 fere
1237 598 1354 637 usque
1384 587 1430 624 ad
1460 598 1560 637 apo—

84 661 217 711 physin
247 660 471 698 inferiorem.

198 732 278 779 Qua
316 732 411 770 linea
457 736 613 782 excepta
654 742 831 782 corpus
871 736 992 769 exstat
1028 731 1223 770 rotundum
1269 737 1306 769 et
1354 730 1477 782 paullo
1516 731 1562 770 ad

84 806 245 843 anterius
277 804 424 842 flexum.

198 878 473 929 Apophysis
498 877 703 916 inferior
735 883 861 915 ornata
891 882 948 914 est
973 876 1115 915 duobus
1137 863 1319 926 condylis‚
1351 883 1388 915 et
1407 883 1561 916 externo

85 956 122 988 et
144 952 300 999 interno,
326 952 386 1001 qui
412 949 514 988 fossa
538 949 684 1000 quidem
710 949 1053 999 intercondyloidea
1078 950 1262 999 disiuncti,
1294 951 1328 988 in
1352 952 1561 1002 posteriore

83 1024 248 1072 margine
278 1035 346 1073 per
377 1023 538 1060 cristam
568 1021 983 1074 interconclyloideam
1013 1024 1107 1060 inter
1136 1035 1177 1060 se
1206 1024 1413 1072 iunguntur.
1454 1022 1562 1062 Con-

83 1095 189 1144 dylus
219 1101 413 1144 externus,
452 1097 595 1133 interno
634 1095 747 1145 longe
787 1097 923 1143 maior,
970 1097 1004 1133 in
1042 1101 1192 1133 externa
1232 1094 1335 1146 parte
1365 1097 1562 1135 incisuram

83 1168 263 1219 quandam
312 1168 486 1219 praebet,
532 1169 567 1206 in
608 1180 715 1219 quam
755 1168 853 1206 flexo
894 1180 1000 1206 crure
1038 1168 1234 1220 capitulum
1274 1169 1406 1207 fibulae
1443 1170 1562 1207 intrat.

83 1242 201 1292 Supra
234 1253 315 1279 eam
345 1242 540 1279 incisuram
572 1240 799 1278 tuberculum
832 1246 901 1289 est,
937 1242 993 1278 cui
1023 1242 1225 1292 respondet
1256 1243 1361 1293 spina
1383 1242 1562 1293 quaedam

83 1316 117 1352 in
148 1326 277 1352 aversa
308 1321 412 1365 parte
442 1313 591 1363 condyli
620 1315 762 1352 interni.

197 1408 382 1459 Colligant
412 1416 531 1448 autem
563 1410 680 1447 femur
712 1421 793 1448 curn
824 1409 1019 1448 acetabulo
1053 1411 1144 1448 haec
1175 1410 1392 1460 ligamenta:

195 1522 229 1548 a.
275 1510 368 1562 Lz'y.
402 1510 619 1561 capsulam
653 1512 825 1562 femoris
862 1517 980 1549 ortum
1019 1512 1053 1549 in
1092 1512 1258 1561 margine
1299 1511 1483 1550 acetabuli
1528 1513 1563 1550 in

83 1590 192 1635 caput
220 1584 372 1622 semoris
404 1585 503 1622 circa
534 1585 716 1622 inseritur.

195 1656 232 1695 b.
280 1655 376 1708 Liy.
407 1661 522 1700 teres,
554 1657 703 1708 expleto
734 1656 913 1695 foramine
942 1657 977 1695 in
1015 1656 1127 1695 fundo
1167 1657 1364 1707 acetabuli,
1403 1659 1564 1709 infigitur

81 1730 209 1768 fossae
238 1741 306 1781 pro
337 1730 536 1780 ligamento
568 1735 699 1768 terete.

195 1814 229 1841 c.
273 1801 366 1853 Lsy.
406 1803 683 1841 ileo-crurale
727 1809 845 1842 ortum
889 1804 924 1841 in
978 1803 1174 1854 superficie
1226 1803 1409 1842 articulari
1453 1817 1562 1856 supra

81 1876 312 1914 acetabulum
343 1878 410 1914 sita
441 1876 600 1926 affigitur
632 1876 730 1915 collo
762 1876 925 1914 femoris.

792 2021 846 2061 H.

620 2097 764 2140 ossa
807 2097 1017 2140 cruris.

706 2198 745 2237 1.
781 2198 936 2237 Tibia.

196 2271 235 2310 ln
266 2271 338 2310 hoc
370 2283 458 2310 osse
491 2271 711 2321 cylindrato,
744 2272 843 2322 quod
873 2271 1102 2321 longitudine
1131 2271 1299 2310 omnibus
1321 2270 1469 2310 ossibus
1490 2284 1562 2310 an-

82 2344 234 2392 tecellit,
268 2345 521 2394 dignoscimus
552 2351 675 2396 caput,
708 2357 850 2396 corpus
881 2351 918 2383 et
947 2345 1064 2383 basin.

196 2417 345 2469 Caput
382 2417 562 2467 tibiae,
610 2420 645 2456 in
689 2418 797 2469 pullis
838 2418 1033 2468 singularis
1073 2417 1282 2469 epiphysis,
1323 2417 1415 2455 duos
1453 2417 1564 2456 habet

84 2490 302 2541 eondylos,
350 2503 504 2541 quorum
550 2491 752 2529 internum
797 2496 966 2530 externo
1012 2493 1189 2529 maiorem
1232 2492 1365 2528 inveni.
1440 2490 1562 2528 Ambo

83 2566 250 2602 exornati
306 2569 388 2601 sunt
431 2576 498 2615 pro
545 2564 697 2603 femoris
745 2564 913 2614 condylis
959 2563 1204 2602 cavitatibus
1247 2562 1561 2615 ylenoz'dalt‘bus,

82 2649 234 2688 quarum
265 2636 380 2675 altera
411 2636 457 2675 ab
489 2637 604 2676 altera
636 2639 849 2676 eminentia
880 2637 1274 2689 intereondyloz'dea,
1307 2639 1364 2675 cui
1384 2637 1447 2686 lig.
1470 2649 1560 2674 cru-

84 2712 220 2748 ciatum
251 2710 423 2759 affigitur,
455 2717 686 2761 segregatur.
746 2709 786 2750 ln
826 2713 1009 2750 anteriore
1048 2713 1178 2762 capitis
1216 2716 1318 2761 parte
1357 2710 1448 2748 duae
1486 2710 1563 2747 cri-
