1752 2927
875 54 901 97 6

146 200 381 238 processum
413 186 601 232 nasalem,
634 185 678 224 ad
710 188 871 224 anterius
903 191 940 223 et
966 185 1012 223 ad
1034 187 1195 223 exterius
1218 191 1426 233 exeuntem,
1458 185 1627 223 formant.

150 262 209 300 Ad
260 262 435 299 internam
485 266 625 311 partem
675 265 832 310 utroque
882 271 1064 310 processu
1114 258 1230 296 nasali
1287 258 1442 308 angulus
1499 264 1630 296 acutus

150 332 304 372 :600
330 356 381 362 ——
404 331 483 372 700
525 335 770 385 componitur.
830 333 941 371 Fines
980 333 1084 370 huius
1125 334 1237 383 partis
1277 334 1384 370 etiam
1425 333 1459 370 in
1498 332 1630 370 adultis

151 409 279 447 avibus
310 408 405 446 bene
436 414 713 457 cognoscuntur
742 419 810 458 per
840 406 965 444 sulcos
998 407 1111 454 duos,
1152 418 1305 457 quorum
1336 405 1453 455 alter,
1490 407 1526 444 in
1557 418 1630 457 quo

151 495 286 520 nervus
325 482 540 520 olfactorius
578 488 654 530 est,
699 487 840 533 partem
881 480 1045 519 nasalem
1086 492 1106 518 a
1151 480 1283 518 lamina
1329 479 1631 531 penpendiculari

152 557 249 594 ossis
281 556 500 605 ethmoidei,
533 556 626 594 alter
656 568 676 594 3
707 561 812 606 parte
843 554 987 593 orbitali
1019 556 1118 592 ossis
1149 554 1279 592 frontis
1310 559 1499 603 segregat.
1560 552 1630 591 Ubi

152 637 308 682 uterque
338 630 464 669 sulcus
495 631 681 669 concurrit
708 631 900 681 foramen
931 629 1129 680 aspicimus
1161 627 1423 666 etlzmoideum
1454 626 1514 664 vel
1545 627 1632 664 cri-

154 704 334 748 orosam,
383 717 451 755 per
490 703 590 755 quod
628 716 763 742 nervus
805 702 1022 741 olfactorius
1054 715 1074 740 e
1113 714 1206 740 cavo
1247 703 1360 739 cranii
1399 703 1432 739 in
1477 700 1630 738 orbitam

152 780 271 816 intrat.

266 851 375 898 Quod
406 850 451 888 ad
483 850 814 889 conformationem
847 851 985 887 ossium
1018 849 1148 886 frontis
1187 849 1335 893 attinet,
1386 848 1542 884 maxima
1587 858 1634 884 ex

154 930 257 976 parte
288 925 323 962 in
353 923 513 962 foetibus
545 920 615 962 ia7m
649 935 759 960 ossea
793 928 896 971 sunt,
943 928 1101 973 excepta
1132 928 1235 973 parte
1266 920 1430 969 orbitali,
1479 920 1524 958 de
1563 932 1633 972 qua

154 999 223 1036 iam
256 997 424 1036 diximus.

645 1127 695 1168 2.
745 1126 868 1166 Ossa
890 1126 1152 1176 parietalia.

277 1218 377 1257 Ossa
408 1219 597 1270 parietalia
627 1219 756 1257 frontis
788 1217 937 1256 ossibus
969 1217 1080 1255 multo
1112 1218 1251 1254 minora
1283 1217 1525 1266 superiorem,
1557 1227 1634 1266 po-

156 1295 349 1332 steriorem
382 1299 419 1331 et
449 1293 722 1344 quodammodo
754 1291 944 1330 lateralem
987 1304 1134 1341 quoqne
1167 1295 1307 1341 partem
1338 1289 1490 1327 fornicis
1524 1289 1636 1327 cranii

157 1366 334 1405 obtinent.
393 1367 565 1405 Formam
604 1366 783 1418 praebent
823 1365 1093 1416 (1113(11311,,111
1132 1376 1203 1414 (1110
1251 1365 1437 1413 margines
1483 1369 1638 1414 quatuor

158 1440 270 1491 (duos
292 1440 482 1490 longiores
506 1446 541 1477 et
564 1440 655 1477 duos
677 1440 891 1486 breviores)
918 1451 961 1476 ac
985 1444 1142 1489 quatuor
1172 1437 1326 1486 angulos
1359 1438 1635 1486 cognoscimus,

158 1515 219 1564 qui
258 1513 386 1551 iisdem
426 1513 656 1561 nominibus,
703 1514 751 1549 uti
793 1514 828 1550 111
859 1513 1026 1558 homine,
1073 1517 1239 1559 utuntur,
1291 1517 1451 1561 excepto
1484 1509 1636 1561 anynlo

156 1587 396 1630 mastoicleo,
429 1599 535 1637 quem
569 1585 841 1623 amic-alaram
875 1587 1064 1623 nominare
1095 1584 1238 1632 malim,
1278 1596 1387 1634 quum
1420 1583 1514 1634 apud
1546 1595 1635 1621 aves

158 1661 271 1711 partis
308 1660 537 1698 mastoideae
569 1672 640 1697 noc
670 1658 743 1696 nlla
774 1660 938 1709 reperire
978 1660 1159 1709 potuerim
1199 1659 1371 1707 vestigia.
1434 1657 1492 1694 De
1531 1669 1636 1694 mar-

156 1735 252 1786 ysne
284 1733 472 1771 coromrlc‘
500 1740 535 1771 et
566 1734 610 1771 de
642 1733 777 1782 angulo
809 1732 956 1770 frontali
987 1732 1128 1780 eadem,
1161 1743 1256 1782 (11130
1288 1731 1333 1769 (10
1364 1731 1512 1781 paribus
1543 1742 1636 1781 par-

159 1807 256 1846 tibus
278 1809 414 1845 ossium
437 1808 567 1846 frontis
589 1807 746 1844 notanda
770 1812 863 1843 sunt.
926 1804 1077 1857 Illaryo
1098 1804 1308 1856 sayictale's
1337 1803 1504 1842 coronali
1523 1803 1637 1841 multo

158 1881 308 1919 brevior
337 1887 531 1931 utrumque
562 1893 605 1918 05
636 1880 813 1931 1131101310
845 1881 939 1917 111101
970 1892 1012 1917 50
1044 1880 1245 1928 coniungit.
1275 1916 1278 1918 ,
1306 1878 1345 1916 111
1384 1879 1522 1915 interna
1554 1877 1637 1915 for-

160 1956 251 1993 nicis
291 1956 488 2006 superficie
526 1967 591 2005 pro
632 1960 753 1991 sutura
792 1954 1038 2004 perspicimus
1078 1952 1242 2000 sulcum,
1290 1953 1347 1989 cui
1385 1951 1461 1989 falx
1493 1950 1638 1989 cerebri

159 2029 355 2077 adhaeret,
401 2028 725 2078 longitudinalem,
773 2029 833 2078 (1111
872 2039 892 2065 3
936 2027 1067 2064 lamina
1107 2026 1272 2064 (ιι-1111053
1311 2027 1408 2063 05515
1440 2024 1639 2063 ethmoidei

161 2109 262 2140 011115
293 2108 440 2140 suturae
463 2102 606 2140 srontali
640 2107 675 2138 et
696 2101 855 2150 sagittali
878 2100 1056 2138 subiacet.
1110 2100 1243 2149 Anguli
1266 2098 1485 2150 occipitales
1507 2098 1638 2136 disce-

162 2176 248 2214 dunt
278 2182 314 2214 et
343 2188 412 2213 11113
453 2188 534 2214 cum
575 2187 662 2213 osse
702 2175 873 2224 occipias
910 2173 1126 2211 fonticulum
1167 2172 1410 2220 concludunt,
1457 2183 1564 2222 quem
1605 2173 1639 2208 in

162 2260 277 2287 corvo
329 2249 454 2299 plures
508 2250 576 2286 iam
632 2247 886 2285 hebdomades
937 2253 1021 2285 nato
1074 2248 1207 2284 inveni.
1282 2245 1447 2295 Uterque
1498 2257 1639 2295 mar-90

163 2321 442 2360 lambdoz'deus
472 2323 507 2359 in
539 2333 734 2359 corvorum
767 2333 907 2369 genere
937 2320 1071 2357 lineam
1103 2320 1181 2357 fere
1213 2319 1387 2357 directam
1420 2324 1480 2356 aut
1509 2318 1641 2356 leniter

163 2401 349 2434 curvatam
381 2396 525 2433 format.
587 2395 644 2432 De
686 2394 821 2444 angulo
853 2395 1001 2444 proprie
1033 2393 1229 2430 auriculari
1262 2392 1511 2430 tantummodo
1543 2391 1640 2442 apud

163 2480 359 2516 coracem,
404 2479 569 2506 coronen
609 2474 644 2505 et
675 2469 864 2506 cornicem
896 2468 957 2517 agi
987 2472 1112 2517 potest
1143 2472 1178 2503 et
1209 2466 1368 2503 fortasse
1400 2467 1507 2503 etiam
1543 2465 1640 2516 apud

162 2542 407 2592 frugilegum,
455 2542 520 2578 sed
560 2542 655 2592 apud
697 2543 816 2592 picam
857 2546 894 2578 et
932 2542 1091 2578 maxime
1123 2539 1217 2590 apud
1251 2538 1481 2577 monedulam
1511 2549 1640 2587 margo

162 2614 418 2653 lambdoideus
449 2616 496 2652 ita
528 2614 711 2665 paullatim
743 2615 778 2652 in
809 2615 1010 2664 marginem
1043 2625 1280 2663 squamosum
1313 2613 1459 2659 transit,
1500 2617 1538 2649 ut
1567 2623 1640 2648 an-

163 2688 269 2738 gulus
307 2690 370 2726 vix
411 2689 575 2740 perspici
606 2689 735 2738 possit.
800 2687 949 2738 fllaryo
989 2688 1223 2739 squanwsus
1260 2698 1302 2724 os
1342 2684 1519 2736 parietale
1559 2696 1640 2722 cum
