1752 2927
103 222 156 260 111.

103 457 143 496 111

104 548 144 585 lll

104 638 145 676 lll

106 946 147 985 lll

104 1037 159 1075 lll.

814 92 876 135 (33

189 222 244 260 (le
276 221 502 260 Glocker:
563 222 620 260 De
651 222 891 273 mineralogia
923 225 1076 273 eiusque
1109 229 1145 261 et
1175 225 1391 274 repetitorio
1423 231 1459 261 et
1490 237 1585 261 exa-

372 296 585 343 minatorio,
627 295 671 333 de
701 296 878 346 geologia
910 301 946 334 et
977 298 1207 346 geognosia,
1239 297 1284 340 ‹le
1315 298 1585 348 phaenomenis
1619 291 1622 293 Α

372 368 563 406 volcaniis.

188 458 403 496 Braniss:
463 459 520 496 De
552 459 797 510 psychologia
830 466 866 497 et
896 459 1031 509 logice.

187 548 392 586 Bunsen:
453 549 509 586 De
543 549 685 586 chemia
717 549 1007 600 experimentali.

192 638 457 690 Gocppert:
516 639 573 676 De
606 639 776 676 botanice
808 638 985 688 generali,
1030 639 1076 676 de
1107 640 1287 676 anatomia
1319 645 1355 677 et
1385 639 1585 690 physiolo-

370 713 430 760 gia
462 710 682 762 plantarum,
714 711 761 749 ¹de
791 711 923 762 plantis
955 717 991 749 et
1022 713 1310 763 cryptogamicis
1342 718 1379 750 et
1409 713 1583 751 officina-

371 784 479 831 libus,
513 783 558 821 de
590 784 679 822 flora
711 784 949 835 primordiali,
982 784 1028 822 de
1060 787 1209 823 materia
1240 785 1399 835 medica,
1432 787 1476 824 ‹le
1508 793 1587 824 arte

372 856 548 895 formulas
580 857 743 895 medieas
775 858 1029 895 concinnandi.

191 947 550 985 Frankenheim:
612 948 668 985 De
701 948 855 998 physice
887 947 1175 998 experimentali.

190 1036 382 1075 Duflos:
443 1037 500 1075 Dc
539 1039 695 1075 venenis
735 1038 925 1085 chemicis,
965 1038 1010 1075 de
1050 1038 1192 1075 chemia
1224 1044 1260 1076 et
1289 1039 1586 1089 pharmaceutica

376 1117 412 1148 et
443 1112 632 1160 organica,
665 1111 709 1148 de
742 1111 934 1148 elementis
966 1111 1133 1148 cheiniae
1164 1111 1383 1160 analyticae.

107 1199 185 1238 Cel.
216 1200 449 1238 Koerber:
510 1201 567 1238 Dc
607 1201 868 1250 systematibus
909 1200 1146 1249 naturalibus,
1188 1201 1232 1239 (le
1263 1201 1396 1252 plantis
1428 1208 1585 1254 crypto-

104 1521 158 1559 Ill.

105 1904 160 1942 lll.

104 2067 155 2106 Ill.

104 2316 158 2354 lll.

104 2709 157 2747 lll.

373 1275 539 1323 gamicis.

582 1418 625 1459 ll.
672 1417 824 1459 Ordinis
855 1418 1109 1460 Medicorum.

189 1521 447 1559 Benedici:
509 1522 565 1559 Dc
599 1523 780 1572 chirurgia
813 1523 976 1572 generali
1009 1529 1044 1561 et
1066 1523 1233 1573 speciali,
1267 1524 1312 1561 de
1335 1524 1584 1575 ophthalmia—

370 1596 481 1642 trice,
523 1595 568 1632 <lc
605 1597 855 1633 instrumentis
884 1597 1102 1646 chirurgicis
1133 1603 1170 1634 et
1200 1597 1326 1635 fasciis
1357 1599 1425 1635 rite
1457 1598 1582 1649 appli-

373 1669 499 1706 candis
548 1670 700 1719 eiusque
750 1670 959 1718 chirurgico
1011 1671 1289 1708 examinatorio.
1367 1671 1405 1708 ln
1451 1671 1585 1709 clinico

374 1742 583 1791 chirurgico
624 1756 772 1794 semper
811 1743 896 1781 mihi
937 1744 1001 1781 fnit
1038 1744 1110 1781 dux
1147 1743 1518 1783 benevolentissimus
1549 1751 1586 1783 et

371 1816 721 1866 praestantissinuis.

194 1905 456 1943 Heuschel:
517 1906 573 1943 Dc
604 1907 819 1957 patliologia
858 1913 894 1944 et
933 1908 1097 1957 tlierapia
1129 1907 1315 1957 generali,
1354 1908 1400 1945 de
1438 1910 1583 1946 semio-

373 1980 457 2026 tice,
490 1979 535 2016 (le
566 1979 715 2017 historia
747 1982 799 2017 rei
833 1980 1010 2018 medicae.

190 2068 461 2107 Betschler:
523 2070 579 2107 De
611 2070 750 2107 morbis
783 2083 893 2107 sexus
926 2072 1130 2121 sequioris,
1171 2070 1215 2107 (le
1246 2075 1325 2108 arte
1357 2070 1582 2120 obstetricia,

373 2142 418 2180 (le
450 2143 728 2193 operationibus
760 2143 997 2181 obstetriciis.
1059 2143 1096 2181 ln
1120 2143 1251 2181 clinico
1275 2143 1489 2182 obstetricio
1512 2144 1583 2182 dux

373 2216 457 2253 mihi
490 2216 554 2253 fuit
584 2219 932 2267 praestantissumis.

189 2317 407 2356 Barkow:
467 2318 524 2356 De
555 2320 737 2356 anatomia
760 2320 929 2370 corporis
954 2319 1112 2365 humani,
1145 2318 1189 2356 (le
1219 2320 1401 2357 anatomia
1423 2331 1582 2370 compa-

372 2392 484 2429 rativa
516 2398 551 2429 et
571 2392 807 2442 patliologica
833 2394 984 2443 eiusque
1008 2392 1287 2439 examinatorio,
1321 2392 1365 2429 (le
1398 2394 1581 2430 sectioni—

371 2464 439 2502 bus
470 2464 692 2503 forensibus.
754 2466 793 2503 ln
824 2465 1151 2503 exercitationibus
1182 2467 1398 2503 anatomicis
1420 2472 1456 2503 et
1483 2478 1581 2503 zoo-

372 2539 515 2575 tomicis
554 2538 625 2576 (lux
657 2539 741 2576 mihi
771 2539 837 2577 fuit
867 2540 1200 2589 praestantissimus
1231 2545 1267 2576 et
1298 2538 1581 2576 benevolentis-

370 2611 496 2648 simus.

190 2709 240 2747 tle
273 2711 493 2750 Siebold:
554 2712 610 2750 De
643 2713 876 2763 physiologia
910 2715 1077 2763 corporis
1118 2714 1274 2759 liumauI,
1315 2713 1359 2750 de
1399 2712 1579 2763 parasitis.
