1752 2927
814 79 877 123 24

103 211 234 251 culum
273 211 584 264 oondyloideum
622 222 768 249 vocem.
843 211 1067 249 Processus
1113 209 1247 249 deinde
1295 209 1587 262 condyloz'deus

102 292 297 325 externus
325 285 482 337 praebet
518 286 551 323 in
589 286 755 335 margine
795 290 949 323 externo
979 287 1146 336 foveam
1177 283 1444 322 articularem
1476 285 1586 335 capi-

101 361 177 399 tulo
210 361 308 399 ossis
344 359 581 409 zygomatici.

217 433 270 472 Os
302 434 517 484 quadratum
550 433 682 483 capitis
714 433 852 470 ossium
884 432 963 470 fere
994 432 1253 481 gravissimum
1292 437 1361 480 est,
1401 443 1509 482 quum
1542 442 1590 468 ex

103 520 150 546 eo
182 508 300 546 omnis
331 513 452 545 motus
483 506 653 544 maxillae
684 507 889 557 superioris
918 505 1091 557 pendeat,
1123 511 1162 543 ut
1192 516 1302 555 supra
1334 506 1405 542 iam
1427 505 1590 542 demon-

103 582 311 619 stravimus.
369 580 515 619 Deinde
548 580 662 618 eflicit
694 581 994 618 coniunctionem
1034 580 1148 617 cranii
1188 590 1269 616 cum
1310 577 1457 616 maxilla
1488 577 1590 615 infe-

102 657 213 694 riore.
275 654 381 701 Quae
412 666 522 705 quum
554 655 602 691 ita
634 655 705 691 sint
734 655 805 691 iam
835 654 1059 704 tempestive
1091 664 1134 690 os
1165 652 1395 703 quadratum,
1428 650 1528 702 quod
1550 662 1591 688 re

107 741 195 767 vera
225 730 260 766 in
291 728 454 766 foetibus
484 727 594 778 plane
626 739 777 765 osseum
808 728 1034 775 invenimus,
1076 725 1300 764 conformari
1330 737 1491 763 necesse
1522 730 1590 762 est.

216 802 275 840 De
315 802 389 840 hoc
428 813 578 851 quoque
618 813 706 838 osse
744 802 951 838 sententiae
1000 801 1159 838 maxime
1207 799 1378 837 diversae
1424 797 1592 849 prolatae

105 882 199 914 sunt.
258 875 297 914 Id
330 876 424 912 enim
459 873 650 923 Geoffroy,
684 875 790 924 Spix,
824 873 961 912 Cuvier
989 873 1193 911 habuerunt
1222 884 1291 923 pro
1323 871 1457 910 annulo
1487 877 1592 921 tym-

103 951 237 1001 panico
269 947 528 995 mammalium,
565 947 627 985 alii
656 953 694 985 ut
723 947 949 986 Tiedemann
981 952 1017 984 et
1037 946 1182 984 Platner
1213 958 1281 996 pro
1312 950 1417 996 parte
1446 945 1592 983 articu-

103 1023 170 1061 lari
203 1034 379 1073 squamae
410 1028 631 1072 temporum,
671 1021 731 1058 alii
763 1021 916 1068 deinde,
951 1032 1105 1071 quorum
1138 1021 1172 1057 in
1203 1030 1356 1057 numero
1390 1017 1492 1057 Gurlt
1522 1023 1592 1066 est,

104 1109 171 1148 pro
203 1095 450 1145 condyloideo
482 1107 666 1145 processu
697 1093 929 1132 mandibulae
960 1094 1159 1131 inferioris.
1201 1093 1313 1130 Hisce
1335 1092 1381 1130 de
1402 1093 1594 1130 sententiis

105 1170 253 1220 longius
285 1170 485 1217 disserere,
518 1180 591 1206 non
622 1180 740 1206 meum
775 1173 843 1205 est.
904 1167 1021 1205 Prima
1055 1179 1178 1204 earum
1211 1167 1357 1204 minime
1388 1166 1474 1204 mihi
1504 1165 1593 1216 pla-

106 1250 180 1291 cet,
213 1244 302 1281 duas
333 1248 453 1280 autem
486 1241 622 1279 alteras
653 1243 782 1279 nescio
814 1253 859 1278 an
891 1240 1100 1278 defendam.
1162 1239 1271 1287 Quod
1303 1251 1346 1277 os
1378 1240 1593 1289 zygomati-

107 1330 189 1356 cum
229 1316 408 1368 quadrato
451 1317 528 1353 ossi
563 1315 754 1361 adhaeret,
801 1314 915 1352 altera
956 1315 1136 1352 sententia
1168 1319 1284 1361 recta,
1331 1318 1458 1351 contra
1495 1312 1594 1363 quod

106 1389 313 1429 mandibula
353 1390 505 1427 inferior
543 1400 727 1439 processu
769 1387 1020 1437 condyloideo
1053 1392 1175 1434 caret,
1215 1387 1320 1424 tertia
1360 1385 1492 1424 tuenda
1531 1386 1593 1424 vi-

108 1465 246 1503 deatur.
308 1463 383 1501 Sed
415 1475 488 1501 non
518 1462 629 1500 video
663 1474 729 1500 cur
759 1461 854 1499 adeo
887 1460 1079 1509 analogias
1119 1466 1318 1498 sectemur.
1378 1460 1438 1498 An
1469 1460 1594 1497 omni-

107 1538 175 1576 bus
207 1539 241 1576 in
272 1537 400 1574 bestiis
432 1536 586 1574 eaedem
617 1541 742 1586 partes
774 1535 908 1573 eodem
940 1534 1052 1572 modo
1085 1546 1171 1572 sese
1203 1531 1366 1571 habent?
1397 1532 1594 1581 Quoniam,

107 1618 145 1650 ut
176 1623 354 1649 summam
386 1610 585 1648 formarum
617 1610 833 1647 varietatem
865 1609 1107 1655 inveniamus,
1147 1607 1192 1645 ad
1224 1605 1457 1645 evertebrata
1496 1617 1595 1644 con-

110 1692 258 1723 vertere
288 1696 357 1722 nos
389 1696 461 1722 non
493 1689 655 1734 oportet,
687 1684 757 1720 iam
790 1694 900 1733 supra
940 1683 1066 1732 pisces
1098 1681 1401 1719 commemoravi.
1463 1678 1597 1726 Quidni

108 1759 238 1797 avibus
268 1758 516 1809 proprietates
547 1755 658 1794 sunt?
723 1756 851 1806 ltaque
890 1757 1042 1802 nescio,
1084 1767 1148 1792 cur
1187 1766 1230 1792 os
1269 1753 1483 1805 quadratum
1521 1764 1596 1791 non

107 1832 310 1871 habeamus
340 1843 408 1882 pro
441 1842 529 1868 osse
561 1829 735 1881 quodam,
775 1829 874 1880 quod
912 1830 1066 1879 primum
1107 1829 1142 1866 in
1173 1827 1302 1866 ordine
1332 1828 1452 1864 avium
1483 1827 1596 1864 inve-

110 1908 241 1944 niatur.
310 1904 385 1942 Sed
425 1905 456 1942 si
494 1904 589 1942 haec
628 1916 703 1941 non
740 1902 963 1954 probentur,
1003 1901 1155 1939 alteram
1186 1902 1405 1938 sententiam
1436 1912 1597 1951 sequens

112 1991 156 2017 os
186 1978 400 2030 quadratum
431 1989 499 2028 pro
531 1983 635 2028 parte
666 1976 850 2014 articulari
882 1987 1058 2026 squamae
1088 1974 1258 2013 habeam.
1319 1975 1407 2012 Sine
1427 1972 1500 2011 ulla
1523 1973 1596 2011 du-

110 2053 288 2091 bitatione
320 2052 414 2089 haec
444 2052 624 2088 sententia
657 2051 815 2088 maxime
846 2049 959 2087 valet.

279 2121 505 2175 Appendixt
550 2124 589 2162 In
620 2130 726 2175 parte
755 2125 966 2175 posteriore
995 2123 1184 2172 utriusque
1216 2122 1313 2159 ossis
1345 2120 1511 2172 quadrati
1532 2121 1594 2158 in-

167 2200 253 2236 veni
284 2200 393 2236 etiam
425 2197 610 2249 quoddam
642 2197 899 2248 siphonium
933 2194 1164 2245 (Nitzschii),
1197 2193 1399 2232 ossiculum
1429 2205 1597 2244 parvum,

170 2271 278 2310 ovale
317 2278 354 2309 et
392 2283 536 2309 cavum.
609 2271 728 2321 Supra
777 2271 893 2318 tangit
931 2281 1061 2306 cavum
1100 2269 1284 2319 tympani,
1323 2266 1415 2304 infra
1453 2266 1600 2304 adiacet

171 2346 325 2394 margini
355 2345 554 2395 posteriori
592 2354 797 2395 processus
834 2343 966 2379 interni
1004 2341 1177 2379 maxillae
1215 2340 1414 2378 inferioris.
1489 2339 1600 2387 Quod

172 2417 375 2456 ossiculum
406 2424 444 2455 ut
475 2423 658 2465 cernatur,
699 2418 735 2454 in
772 2414 1017 2466 praeparandi
1055 2425 1171 2465 opere
1211 2412 1411 2451 cavendum
1445 2419 1514 2461 est,
1553 2426 1600 2452 ne

171 2497 326 2543 propter
356 2492 469 2541 ipsius
501 2492 739 2539 exiguitatem
772 2487 889 2527 cultro
922 2499 1173 2526 amoveamus.
1234 2486 1389 2524 Videtur
1417 2487 1504 2525 mihi
1524 2487 1598 2525 hu-

170 2566 227 2603 ius
258 2563 410 2602 ossiculi
442 2575 528 2601 esse
566 2567 690 2601 aerem
732 2563 766 2600 in
797 2560 981 2600 maxillam
1006 2560 1219 2598 inferiorem
1246 2560 1399 2598 ducere:
1431 2559 1601 2598 foramini

173 2639 268 2676 enim
315 2636 458 2675 cuidam
499 2648 615 2687 parvo
655 2636 864 2686 impositum
905 2640 984 2683 est,
1030 2633 1130 2684 quod
1175 2633 1312 2672 inducit
1348 2634 1384 2672 in
1423 2634 1600 2671 internam

173 2709 433 2750 mandibulam.
