1752 2927
782 82 842 126 57

75 217 205 255 dentur
234 228 319 254 esse
349 226 444 266 quae
474 212 645 265 patellae,
677 224 811 263 nempe
841 218 880 250 ut
908 212 1014 250 nimia
1046 211 1215 249 extensio
1236 211 1324 248 tarsi
1345 208 1550 260 prohibea-

74 295 143 328 tur.
201 289 295 327 Num
326 300 460 327 nomen
491 288 588 324 ossis
619 286 843 324 sesamoidei
882 287 927 323 sit
958 289 1119 332 rectum,
1158 285 1193 322 in
1224 283 1369 324 dubium
1400 294 1511 321 voco.

191 390 245 429 Os
275 390 364 428 tarsi
395 390 511 427 maius
543 400 624 426 cum
655 387 742 425 tibia
772 387 877 424 hisce
906 386 1114 435 ligamentis
1147 385 1396 433 coniungitur:

186 504 219 529 a.
264 490 358 542 Lz'y.
390 488 606 540 capsulare
636 489 736 526 ossis
766 487 871 526 tarsi
896 486 1064 524 maioris
1094 490 1132 523 et
1153 484 1279 524 tibiae
1300 496 1444 522 omnem
1468 482 1553 521 cal-

78 577 158 603 cem
190 564 403 602 circumdat.

189 637 225 675 b.
270 636 364 688 Lz’y.
396 636 497 673 ossis
526 634 627 672 tarsi
655 633 822 670 maioris
851 636 889 670 et
918 631 1045 670 tibiae
1075 633 1280 668 eoeternum
1309 631 1463 668 interest
1493 631 1554 667 iu-

78 717 133 748 ter
164 709 345 759 condylos
377 715 551 746 externos
582 708 772 756 utriusque
803 707 912 743 ossis.

191 794 224 820 o.
270 780 364 833 Lc'y.
397 780 541 819 tibiale
571 780 748 817 anticum
779 782 819 816 et
846 779 947 816 ossis
977 778 1079 815 tarsi
1096 776 1262 814 maioris
1283 777 1469 814 connectit
1490 781 1552 813 tu-

78 855 267 894 berculum
297 853 678 903 intercondyloideum
717 853 814 890 ossis
858 853 947 889 tarsi
984 852 1131 888 maioris
1170 862 1253 887 cum
1295 849 1396 887 fossa
1436 850 1556 887 inter-

80 928 327 978 condyloidea
357 927 480 965 tibiae.

193 1001 226 1039 d.
277 999 565 1051 Car-tilayinem
597 1011 755 1050 quoque
784 997 1062 1036 semilunarem
1101 998 1198 1035 ossis
1227 997 1314 1033 tarsi
1344 996 1465 1033 inveni
1495 995 1557 1032 in·-

80 1081 136 1113 ter
165 1074 303 1113 fossam
335 1073 618 1122 condyloideam
651 1078 840 1110 externam
873 1078 909 1109 et
940 1071 1137 1120 condylum
1168 1075 1359 1107 externum
1390 1068 1513 1106 tibiae.

192 1170 386 1208 Praeterea
418 1168 677 1207 animadverti:

193 1278 227 1304 e.
274 1264 366 1316 1259.
398 1265 498 1302 ossis
525 1264 769 1301 sesamoidei
787 1264 973 1313 coniungit
994 1274 1036 1300 os
1058 1261 1333 1300 sesamoideum
1356 1273 1436 1299 cum
1459 1273 1558 1299 con—

82 1339 168 1388 dylo
199 1340 340 1376 interno
372 1339 468 1376 ossis
499 1338 585 1375 tarsi
616 1338 777 1375 maiorisf

195 1423 219 1462 f.
266 1422 359 1474 Liy.
392 1421 608 1475 capsulare
638 1424 730 1460 inter
760 1427 950 1472 utrumque
982 1433 1026 1459 os
1056 1422 1143 1459 tarsi
1175 1421 1339 1459 interest.

780 1566 858 1607 IV.

571 1646 670 1689 ossa
699 1645 909 1697 digitorum
947 1644 1071 1698 pedis.

197 1752 363 1799 Quatuor
399 1751 617 1801 digitorum,
665 1752 724 1801 qui
765 1752 801 1788 in
838 1756 996 1801 utroque
1036 1750 1139 1787 corvi
1175 1748 1271 1800 pede
1316 1749 1559 1796 inveniuntur,

83 1831 293 1877 postremus
333 1838 363 1862 s.
402 1824 561 1863 hallux
598 1823 769 1874 idemque
807 1824 885 1861 ossi
924 1824 1011 1861 tarsi
1049 1823 1181 1860 minori
1218 1822 1425 1860 adhaerens
1471 1822 1561 1859 duas

84 1904 220 1936 tantum
259 1898 463 1949 phalanges
500 1897 633 1946 habet,
670 1897 753 1935 dum
789 1898 894 1935 trium
932 1897 1154 1934 anteriorum
1196 1897 1272 1933 ossi
1308 1897 1396 1933 tarsi
1434 1896 1563 1933 maiori

84 1973 289 2009 iunctorum
319 1972 481 2009 internus
512 1983 533 2008 e
564 1970 692 2018 tribus,
724 1970 866 2008 medius
897 1982 918 2007 e
949 1975 1116 2020 quatuor,
1149 1974 1322 2006 externus
1352 1981 1372 2006 e
1403 1970 1562 2019 quinque

85 2043 329 2096 phalangibus
361 2049 515 2082 constat.
578 2043 686 2090 Quod
717 2043 762 2081 ad
792 2042 947 2080 formam
978 2044 1117 2090 attinet,
1150 2041 1317 2092 singulae
1345 2041 1564 2092 phalanges,

86 2119 256 2168 exceptis
300 2115 638 2168 unquicularz'bus
676 2115 973 2167 phalanyffius,
1014 2115 1219 2154 simillimae
1260 2115 1327 2153 sibi
1366 2116 1456 2166 ipsis
1488 2127 1563 2153 ex-

86 2197 195 2230 stant.
255 2190 361 2238 Quae
392 2203 500 2241 quum
534 2192 581 2228 ita
613 2192 696 2237 sint,
729 2202 794 2228 eas
825 2202 898 2228 non
928 2189 1092 2240 singulas
1122 2188 1371 2227 tractabimus.

199 2269 389 2308 Posterior
418 2282 503 2320 pars
534 2282 564 2308 s.
596 2269 697 2307 basis
729 2270 906 2320 cuiusque
937 2269 1129 2320 phalangis
1155 2268 1298 2306 duobus
1330 2267 1563 2312 tuberculis,

88 2350 125 2382 et
161 2332 353 2394 superiore
392 2349 428 2381 et
464 2343 658 2391 inferiore,
701 2343 870 2392 excellit,
910 2345 1004 2381 inter
1041 2355 1136 2394 quae
1170 2344 1288 2393 fossa
1326 2340 1566 2380 articularis

88 2421 333 2464 transversa,
364 2428 483 2467 eaque
514 2428 680 2455 concava
710 2422 873 2467 apparet.

201 2488 346 2540 Corpus
377 2489 523 2528 modice
552 2489 688 2527 flexum
720 2491 754 2527 in
784 2489 907 2540 planta
937 2501 1141 2528 concavum
1171 2489 1306 2527 inveni.

201 2562 241 2600 In
271 2564 455 2600 anteriore
485 2568 588 2613 parte
619 2575 650 2600 s.
682 2565 717 2601 in
749 2563 908 2614 capitulo
941 2563 1011 2601 duo
1043 2562 1192 2612 condyli
1227 2560 1401 2599 laterales
1424 2574 1564 2599 occur-

89 2641 181 2684 runt,
213 2637 308 2673 inter
337 2647 430 2686 quos
459 2634 595 2673 sulcus
626 2634 940 2687 longitudinalis
969 2637 1134 2674 interest.

200 2708 364 2747 Phalanx
394 2720 563 2759 quaeque
593 2708 857 2758 unguicularis,
896 2711 931 2747 in
971 2709 1051 2747 basi
1090 2722 1155 2748 sua
1193 2710 1300 2748 tertio
1332 2709 1472 2746 maiore
1502 2712 1565 2744 tu-
