1752 2927
862 84 922 129 26

151 221 277 254 contra
309 216 344 254 in
375 214 508 253 adultis
539 215 674 253 seriem
704 226 900 266 parvorum
932 215 1162 265 foraminum,
1198 228 1268 268 per
1305 228 1401 267 quae
1442 215 1571 254 ramuli
1601 220 1638 253 et

148 290 251 327 nervi
282 295 319 327 et
348 300 535 337 vasorum,
584 290 620 326 in
651 288 780 327 iisdem
812 291 905 327 intra
937 301 980 328 os
1024 291 1333 341 procurrentium,
1374 295 1523 328 exeunt.
1597 288 1635 327 ln

150 363 347 413 superficie
378 363 521 400 interna
558 363 679 400 inveni
719 362 814 414 apud
854 363 977 413 pullos
1014 363 1156 401 sulcum
1195 363 1350 402 similem
1391 363 1537 415 quidem
1569 361 1637 400 sed

149 437 340 483 maiorem,
372 436 433 486 qui
464 437 599 485 tegitur
630 437 815 474 anteriore
845 442 950 487 parte
982 436 1289 488 complementari
1310 438 1465 474 interna.
1525 435 1565 474 In
1589 447 1635 473 eo

149 509 254 547 sulco
296 510 364 547 sita
404 514 462 547 est
499 510 632 547 arteria
673 508 871 548 alveolaris
910 509 1064 548 inferior
1101 522 1170 548 una
1211 522 1294 547 cum
1325 521 1442 547 nervo
1475 515 1512 547 et
1542 521 1634 547 vena

148 582 328 620 alveolari
358 581 547 620 inferiore.
594 582 652 621 Ad
684 583 870 634 posterius
902 588 1056 634 uterque
1086 595 1209 621 ramus
1244 585 1279 621 in
1311 583 1403 621 duos
1434 595 1636 634 processus

149 657 238 705 exit,
271 667 425 706 quorum
457 656 626 706 superior
656 668 677 693 e
709 655 850 694 duabus
880 655 1040 694 lamellis
1072 662 1231 706 constat,
1264 656 1397 708 quibus
1428 657 1634 708 interposi-

150 735 207 767 tus
239 734 298 767 est
326 740 530 779 processus
560 728 758 767 alveolaris
789 731 902 780 partis
933 730 1132 768 coronalis.

265 824 301 863 b.
347 824 516 863 Partes
548 825 804 863 coronales
841 838 889 863 ex
927 838 973 864 eo
1011 838 1147 864 nomen
1187 827 1345 877 capiunt,
1387 825 1487 877 quod
1525 826 1560 864 in
1592 826 1637 864 iis

148 900 244 937 inest
271 911 487 949 processus
519 898 805 942 coronoz'deus,
845 905 881 937 et
911 905 1100 938 externam
1132 899 1299 938 obtinent
1328 911 1484 950 eamque
1515 911 1636 951 supe-

149 974 284 1011 riorem
315 983 360 1009 ac
391 971 667 1023 quodaminodo
698 974 945 1024 posteriorem
984 978 1126 1024 partem
1157 974 1346 1024 utriusque
1376 973 1466 1011 rami
1497 972 1635 1011 maxil-

150 1046 249 1085 laris.
312 1045 475 1097 Utraque
506 1057 592 1096 pars
625 1045 811 1084 coronalis
850 1058 870 1084 a
901 1046 1023 1084 fronte
1054 1046 1166 1085 habet
1189 1059 1425 1098 processum
1456 1045 1637 1084 alveola-

150 1133 245 1163 rem,
278 1121 380 1157 cuius
411 1120 482 1157 iam
514 1131 624 1170 supra
655 1121 879 1158 mentionem
912 1120 1080 1158 fecimus.
1149 1120 1203 1158 Ea
1242 1121 1359 1170 tangit
1396 1125 1539 1172 partem
1574 1119 1637 1158 al-

148 1193 337 1232 veolarem
369 1198 466 1240 ante,
499 1198 639 1243 partem
672 1192 1025 1244 complementarem
1048 1187 1234 1232 ‘internam
1265 1195 1372 1242 intra,
1403 1199 1545 1245 partem
1569 1205 1637 1231 ar-

149 1267 339 1305 ticul-arem
369 1272 467 1317 post,
498 1272 639 1317 partem
671 1266 883 1316 angularem
916 1267 1020 1306 infra.
1090 1268 1318 1319 Superficies
1357 1272 1395 1306 et
1429 1269 1570 1305 interna
1601 1272 1639 1305 et

150 1347 323 1388 externa,
365 1353 412 1377 ex
438 1339 570 1390 quibus
607 1340 732 1391 plures
771 1341 927 1379 musculi
964 1343 1145 1390 oriuntur,
1186 1341 1319 1379 leviter
1355 1353 1523 1379 concava
1567 1346 1636 1378 est.

149 1414 272 1452 Media
304 1416 338 1452 in
370 1425 414 1451 ea
446 1415 692 1452 excavatione
720 1416 910 1466 foramen
941 1414 1060 1452 ovale
1088 1416 1184 1453 inest
1209 1417 1296 1453 satis
1318 1426 1490 1464 magnum
1510 1415 1636 1452 tenui-

150 1501 222 1539 que
253 1488 464 1526 mcmbrana
503 1494 652 1526 tectum.
723 1488 834 1536 Quod
872 1489 917 1527 ad
956 1491 1178 1528 anteriorem
1220 1490 1397 1538 marginis
1435 1489 1638 1539 superioris

151 1568 291 1612 partem
323 1563 462 1610 attinet,
503 1573 655 1612 parvum
694 1563 730 1599 in
769 1574 814 1600 eo
848 1568 905 1600 est
935 1562 1178 1611 tuberculum,
1219 1564 1273 1613 (in
1306 1574 1446 1600 corone
1477 1568 1514 1599 et
1543 1573 1637 1600 corp

150 1634 232 1674 nice
264 1637 412 1674 circiter
440 1631 564 1684 4,5¹¹¹,
595 1636 630 1673 in
660 1635 847 1685 frugilego
880 1637 1029 1674 circiter
1056 1632 1167 1684 3,5“¹
1197 1642 1281 1674 ante
1311 1636 1453 1674 fossam
1483 1634 1637 1686 glenoi-

153 1709 270 1747 dalem
303 1709 429 1759 situm)
475 1709 574 1759 quod
621 1711 791 1759 congruit
838 1721 919 1747 cum
966 1721 1148 1761 processu
1188 1710 1417 1748 coronoideo
1456 1709 1636 1748 hominis:

151 1795 258 1834 quam
292 1782 339 1821 ob
371 1795 447 1821 rem
481 1783 615 1821 eodem
646 1785 755 1821 utitur
785 1785 944 1822 nomine.
1005 1784 1098 1822 Huic
1119 1790 1238 1821 autem
1262 1784 1457 1834 processui
1478 1784 1513 1821 in
1545 1794 1637 1821 cor-

150 1859 226 1905 vis,
274 1858 323 1895 uti
355 1855 519 1908 plurimis
550 1858 584 1894 in
616 1857 764 1906 avibus,
812 1857 952 1907 exiguo
992 1857 1178 1896 musculus
1210 1856 1425 1908 temporalis
1455 1858 1636 1895 inseritur.

152 1930 241 1969 Post
271 1930 369 1968 illum
397 1943 633 1981 processum
665 1930 954 1968 coronoiclezme
986 1937 1043 1969 est
1073 1943 1187 1982 parva
1216 1932 1352 1981 spina,
1383 1942 1492 1981 quam
1524 1943 1639 1968 eoro-

152 2005 341 2043 noicleam
374 2006 536 2053 nomino,
569 2006 667 2042 iuxta
700 2017 822 2056 quam,
863 2011 900 2043 et
930 2005 1077 2056 quidem
1109 2007 1143 2042 in
1175 2005 1373 2056 superficie
1402 2006 1543 2042 interna
1574 2009 1637 2042 at-

153 2091 226 2130 que
258 2078 326 2117 sub
358 2080 524 2128 margine
554 2078 682 2116 fossae
714 2078 985 2128 condyloideae
1017 2082 1204 2127 internae,
1244 2064 1337 2116 duae
1377 2077 1470 2116 aliae
1510 2078 1639 2129 spinae

153 2153 442 2204 conspiciuntur,
475 2151 608 2203 quibus
640 2152 796 2190 musculi
835 2152 1047 2191 adhaerent.
1109 2152 1164 2190 Ea
1203 2163 1351 2203 quoque
1389 2163 1476 2203 pars
1506 2151 1640 2189 format

153 2238 173 2263 a
203 2232 310 2276 tergo
336 2238 575 2277 processum
603 2224 926 2263 mandibularem
955 2230 1180 2269 externum,
1212 2238 1259 2263 ex
1288 2237 1362 2276 quo
1385 2224 1495 2262 linea
1516 2236 1639 2275 quae-

153 2300 234 2337 dam
267 2299 436 2351 obliqua
467 2298 673 2347 descendit,
704 2311 800 2349 quae
830 2301 1031 2349 marginem
1063 2300 1316 2337 excavationis
1347 2310 1457 2349 supra
1488 2310 1638 2336 memo-

153 2378 255 2410 ratae
287 2374 533 2424 posteriorem
564 2372 708 2410 format.

269 2481 302 2506 c.
349 2468 516 2506 Partes
555 2468 816 2518 angulares
856 2468 1021 2506 obtinent
1059 2468 1305 2518 posteriorem
1345 2478 1501 2518 eamque
1538 2467 1640 2506 infe-

156 2542 292 2580 riorem
324 2547 464 2592 partem
497 2543 686 2592 utriusque
717 2542 820 2579 rami.
881 2541 947 2579 His
979 2539 1143 2592 partibus
1174 2542 1270 2578 inest
1305 2553 1524 2591 processus
1559 2553 1639 2578 an-

153 2615 315 2667 yularis
345 2620 381 2653 et
411 2613 584 2665 anyulzcs
614 2616 695 2666 ipse
723 2614 967 2652 maxillaris.

271 2716 305 2755 d.
351 2716 521 2755 Partes
564 2716 856 2755 articulares
899 2717 1145 2768 posteriorem
1192 2706 1371 2766 eamquac
1411 2716 1641 2767 superiorem
