1752 2927
794 89 854 133 25

488 230 551 268 11.
585 228 652 267 0s
676 226 920 265 maxillare
944 224 1162 271 inferius.

197 321 346 362 Maxilla
384 320 536 359 inferior
574 320 735 357 omnium
780 317 909 368 capitis
950 316 1089 353 ossium
1128 324 1290 351 summas
1328 311 1414 350 mihi
1453 309 1570 348 attulit

88 396 332 436 difficultates.
392 393 484 432 Nam
516 405 625 444 quum
657 390 824 440 singulae
854 394 979 440 partes
1012 399 1168 436 osseae,
1209 399 1229 424 e
1261 384 1391 436 quibus
1423 388 1571 422 constat

87 469 295 508 mandibula
324 468 488 515 inferior,
520 479 588 517 per
615 465 731 503 breve
761 469 897 501 tantum
928 467 1073 511 tempus
1104 465 1298 510 separatae
1327 458 1570 503 inveniantur,

88 543 339 582 difficillimum
377 547 447 589 est,
487 541 595 577 situm
637 550 761 576 earum
800 535 909 587 plane
944 535 1172 585 perspicere.
1248 530 1425 579 Accedit,
1473 528 1572 580 quod

89 617 199 655 modo
231 616 326 654 aliae
356 619 482 665 partes
511 613 605 650 inter
635 623 677 648 se
708 608 866 647 coalitae
904 607 1147 657 reperiuntur,
1187 604 1297 642 modo
1338 603 1432 641 aliae
1470 614 1570 640 non-

90 691 174 728 dum
206 700 340 727 osseae
372 688 542 724 existunt.
603 684 734 734 Itaque
770 688 808 720 ut
839 692 1022 732 quamque
1052 683 1193 730 partem
1224 677 1321 715 bene
1353 687 1573 725 cognosca-

90 775 183 811 mus,
222 772 356 811 magno
397 770 549 797 numero
588 759 727 796 ossium
767 767 859 807 opus
901 760 969 792 est.
1039 751 1219 791 Omnibus
1267 751 1310 788 iis
1351 749 1396 787 de
1445 747 1570 786 causis

91 835 347 886 discrepantes
378 833 579 870 sententias
618 831 663 868 de
703 840 856 868 numero
896 826 1143 865 ossiculorum
1181 823 1353 863 maxillae
1390 821 1575 862 inferioris

93 915 193 947 ortas
225 920 310 946 esse
340 906 509 944 arbitror.
568 905 664 943 Dum
696 904 792 941 enirn
815 901 930 950 Gurlt,
960 906 998 938 ut
1019 898 1227 949 exemplum
1249 880 1429 944 afferam,
1448 906 1575 932 eorum

92 984 128 1021 in
159 981 258 1032 gallo
298 980 469 1018 undecim
510 990 551 1015 se
591 977 778 1015 invenisse
817 976 924 1023 dicit,
965 973 1190 1012 Tiedemann
1222 976 1258 1008 et
1294 969 1509 1017 Meursinge
1539 969 1576 1005 in

96 1057 217 1094 corvis
249 1054 321 1092 duo
359 1058 495 1090 tantum
536 1063 723 1102 reperere.
799 1048 982 1098 Equidem
1029 1048 1117 1084 satis
1162 1056 1334 1093 magnum
1380 1053 1576 1080 corvorum

94 1139 282 1166 numerum
328 1130 582 1177 perscrutatus
633 1123 753 1161 inveni
799 1120 983 1159 maxillam
1029 1119 1241 1157 inferiorem
1285 1117 1411 1154 harum
1457 1116 1577 1152 avium

98 1207 271 1240 constare
303 1212 324 1237 e
346 1211 480 1237 novem
515 1197 667 1247 (forsan
697 1192 942 1243 tindeeim⁴⁸²))
975 1191 1184 1244 particulis,
1230 1202 1326 1242 quae
1358 1190 1580 1227 conveniant

98 1287 182 1313 cum
213 1276 279 1323 iis,
313 1285 403 1324 quas
436 1271 539 1309 Gurlt
569 1272 604 1308 in
634 1269 733 1319 gallo
765 1269 913 1319 reperit.
992 1266 1098 1313 Quae
1128 1263 1330 1316 particulae
1363 1268 1464 1300 sunt:

367 1386 405 1435 a)
436 1397 522 1436 pars
552 1383 750 1421 alveolaris
783 1394 812 1419 s.
845 1379 1014 1428 dentalis,

366 1459 408 1509 b)
440 1464 565 1510 partes
597 1456 809 1504 coronales,

369 1533 407 1580 c)
438 1538 564 1583 partes
595 1530 804 1580 angulares,

368 1606 410 1656 d)
441 1611 566 1656 partes
597 1602 826 1650 articulares,

368 1679 409 1728 e)
441 1684 566 1731 partes
598 1676 936 1728 complementares
973 1675 1151 1712 internae.

214 1811 246 1837 a.
292 1798 404 1837 Pars
442 1796 728 1844 alveolaris,
769 1796 929 1833 omnium
962 1794 1132 1841 maxima,
1165 1790 1309 1829 videtur
1339 1789 1425 1828 mihi
1455 1790 1588 1840 primi-

103 1880 161 1912 tus
193 1872 332 1911 duabus
363 1884 384 1910 e
414 1870 604 1923 particulis
637 1875 822 1917 constare,
864 1880 956 1918 quas
987 1870 1058 1905 iam
1089 1871 1228 1903 mature
1258 1865 1352 1902 inter
1382 1875 1423 1901 se
1455 1861 1588 1900 coale-

105 1958 213 1985 scere
243 1952 346 1997 puto,
379 1957 489 1996 quum
520 1946 555 1982 in
587 1945 710 1981 corvis
740 1943 910 1980 neonatis
942 1953 1022 1978 eam
1053 1945 1194 1990 partein
1226 1937 1450 1987 singularem
1470 1948 1588 1987 repe-

105 2022 208 2058 riam.
267 2019 395 2070 Itaque
434 2018 479 2056 de
518 2016 731 2068 duplicitate
768 2016 948 2066 primitiva
996 2019 1132 2051 tantum
1172 2013 1422 2049 coniecturam
1461 2009 1588 2047 facere

105 2105 272 2145 possum,
306 2103 415 2143 quam
445 2090 542 2128 linea
573 2089 753 2141 quaedam
784 2090 819 2126 in
851 2087 1042 2138 symphysi
1079 2086 1225 2123 videtur
1253 2086 1393 2122 iuvare.
1453 2083 1591 2132 Angu-

106 2167 179 2205 lum
211 2179 231 2204 e
262 2164 486 2215 marginibus
518 2163 766 2201 alveolaribus
797 2173 983 2200 ramorum
1015 2165 1144 2208 ortum,
1176 2159 1298 2197 inveni
1328 2158 1364 2195 in
1395 2155 1591 2195 monedula

113 2258 159 2273 :s
179 2237 276 2287 360,
308 2241 343 2277 in
377 2250 516 2277 corone
547 2243 584 2275 et
614 2238 765 2275 cornice
792 2254 837 2267 z
862 2231 959 2281 35⁰,
999 2236 1035 2272 in
1065 2232 1251 2282 frugilego
1288 2249 1334 2264 Ξ
1359 2227 1448 2269 320.
1508 2230 1594 2268 Ex-

109 2320 213 2352 terna
243 2315 279 2352 in
310 2312 508 2364 superficie
539 2312 729 2361 utriusque
760 2310 850 2347 rami
881 2307 1202 2346 animadvertimus
1233 2307 1268 2343 in
1299 2305 1407 2357 pullis
1436 2303 1592 2352 sulcum,

109 2389 144 2426 in
175 2399 248 2439 quo
280 2393 317 2425 et
347 2398 482 2425 nervus
513 2391 550 2423 et
580 2385 712 2423 arteria
751 2389 788 2421 et
826 2394 921 2420 vena
951 2380 1151 2420 maxillaris
1183 2379 1334 2418 inferior
1362 2372 1594 2430 procurrunt,

194 2614 230 2653 ¹⁷³)
257 2611 371 2643 Partes
398 2611 701 2653 complementares
728 2615 883 2642 externas
910 2608 1059 2641 nondum
1086 2612 1179 2639 certo
1207 2606 1359 2649 reperire
1387 2604 1491 2647 potui,
1519 2613 1596 2635 sen-

252 2675 298 2707 tio
325 2679 445 2714 autem,
474 2674 556 2705 (luas
583 2679 765 2716 pertenues
791 2671 1012 2712 membranas,
1040 2681 1128 2714 quae
1155 2669 1302 2702 insident
1319 2666 1513 2710 superficiei
1539 2676 1597 2698 ex-

251 2743 378 2777 ternae,
404 2736 445 2768 ad
471 2736 530 2768 has
558 2735 739 2778 particulas
767 2735 948 2777 pertinere.
