1752 2927
867 72 928 116 22

151 202 395 254 pterygoidea
425 208 462 241 et
492 201 680 253 quadrata,
711 213 865 253 quorum
898 202 944 240 de
974 207 1101 240 natura
1131 202 1250 241 adhuc
1287 204 1381 241 inter
1414 214 1456 241 se
1487 202 1634 241 discre-

151 282 239 327 pant
267 282 452 314 auctores,
512 275 668 313 Primum
698 277 876 313 rationem
907 275 1129 313 habeamus:

269 349 428 387 Ossc'um
459 348 822 400 pteryyoz'deorum
861 361 890 387 s.
932 348 1187 387 omoideorum
1227 361 1256 387 s.
1297 348 1459 388 alarium.
1529 348 1633 396 Quae

152 423 223 462 duo
252 422 424 474 longiora
462 435 549 461 ossa
591 424 626 461 in
664 428 768 474 parte
806 423 1017 474 posteriore
1058 422 1241 473 capitulo
1272 423 1430 474 quodam
1460 424 1636 461 instructa

152 510 234 536 cum
263 496 457 536 tuberculo
488 497 734 548 pterygoideo
773 498 967 548 utriusque
1006 498 1103 535 ossis
1145 497 1311 548 quadrati
1353 498 1632 546 coniunguntur.

154 571 260 619 Quae
289 572 387 609 ossis
416 583 502 623 pars
532 572 744 610 interiorem
791 577 826 610 et
865 573 1087 609 anteriorem
1129 572 1263 621 capitis
1302 577 1444 622 partem
1476 576 1632 622 spectat,

154 658 200 684 eo
230 645 339 683 latior
376 645 426 692 fit,
465 656 537 695 quo
578 638 696 694 inagis
737 644 881 682 accedit
911 644 956 682 ad
987 650 1144 682 rostrum
1176 644 1456 695 sphenoideum,
1503 644 1636 682 deinde

152 731 242 758 vero
274 731 360 757 sese
389 718 505 767 affigit
534 724 620 768 post
648 719 768 769 ipsum
800 730 843 756 os
865 717 1074 769 palatinum,
1107 718 1206 768 quod
1236 720 1364 768 tangit,
1397 719 1549 767 margini
1571 718 1634 755 in-

152 793 278 831 feriori
306 804 351 830 ac
380 790 520 829 laterali
547 792 656 829 rostri
686 791 799 829 modo
831 793 1123 839 commemorati,
1156 774 1329 842 Quocum,
1369 792 1420 829 uti
1450 802 1494 829 os
1524 790 1633 841 pala-

151 868 275 914 tinum,
316 875 501 915 nunquam
540 861 781 913 coalescit⁴⁵),
821 864 888 902 sed
935 864 1136 913 ligamento
1179 863 1360 915 capsulari
1400 865 1634 902 coniunctum

152 946 222 978 est.
293 938 352 977 Ex
387 938 457 976 hac
486 938 636 988 propria
667 939 806 976 ossium
838 937 1076 986 colligatione
1115 938 1234 975 omnis
1272 937 1410 987 pendet
1450 936 1633 975 mobilitas

152 1014 261 1052 rostri
291 1013 505 1063 superioris,
537 1017 574 1048 ut
603 1012 676 1049 iam
705 1022 815 1062 supra
845 1010 943 1061 apud
973 1022 1016 1048 os
1055 1010 1254 1061 palatinum
1287 1010 1633 1048 demonstravimus.

152 1086 228 1124 Sed
259 1097 371 1124 causa
401 1085 572 1136 primaria
602 1084 762 1135 petenda
801 1090 858 1121 est
896 1096 943 1121 ex
982 1090 1139 1134 utroque
1180 1096 1268 1122 osse
1299 1083 1493 1134 quadrato,
1535 1082 1635 1133 quod

153 1161 265 1198 certis
303 1158 477 1197 musculis
516 1163 654 1196 motum
691 1157 787 1195 hanc
826 1158 1026 1195 motionem
1067 1168 1150 1194 cum
1191 1156 1339 1194 ossibus
1378 1156 1448 1194 sibi
1487 1157 1632 1203 iunctis,

153 1245 286 1284 nempe
316 1244 403 1270 osse
434 1237 470 1269 et
500 1232 736 1280 zygomatico
769 1237 805 1268 et
835 1230 1081 1281 pterygoideo
1113 1231 1372 1279 communicat,
1405 1241 1476 1280 qua
1505 1242 1546 1267 re
1566 1235 1633 1267 to·-

152 1313 225 1345 tum
256 1312 413 1344 rostrum
445 1305 626 1355 superius,
659 1306 762 1342 cuius
793 1315 879 1342 ossa
912 1316 994 1341 cum
1025 1302 1097 1341 illis
1129 1303 1344 1351 cohaerent,
1384 1304 1525 1340 moveri
1554 1314 1632 1353 po·-

152 1386 236 1418 test.
317 1378 421 1417 Haud
473 1377 603 1429 procul
656 1390 676 1415 a
728 1377 887 1428 capitulo
934 1377 1096 1427 spinam
1147 1376 1328 1427 quandam
1374 1376 1632 1427 perspicimuS,

153 1466 261 1504 quam
291 1454 326 1491 in
357 1462 505 1500 corace,
538 1463 677 1489 corone
709 1457 744 1488 et
775 1451 924 1488 cornice
957 1456 1116 1497 acutam,
1148 1451 1306 1488 caeteris
1337 1451 1372 1487 in
1403 1450 1527 1487 corvis
1557 1448 1630 1486 he-

152 1526 277 1565 betem
307 1527 440 1564 inveni.
500 1523 622 1576 Ipsum
655 1535 697 1562 os
728 1523 1012 1574 pterygoideum
1044 1523 1139 1573 apud
1162 1523 1331 1560 diversos
1353 1534 1490 1560 corvos
1510 1521 1632 1559 simil-

152 1600 276 1638 limum
308 1605 376 1647 est,
408 1604 555 1649 praeter
585 1596 883 1646 caryocatacten,
924 1608 994 1646 qua
1034 1598 1069 1634 in
1107 1608 1175 1634 ave
1213 1596 1327 1634 tribus
1365 1594 1520 1633 fortibus
1552 1596 1631 1632 cri-

153 1675 219 1711 stis
250 1674 464 1723 triquetrum
494 1671 668 1709 redditur.

265 1746 323 1784 De
360 1750 485 1783 natura
525 1744 652 1782 horum
699 1744 837 1781 ossium
876 1741 985 1780 valde
1022 1741 1234 1792 discrepant
1270 1748 1456 1779 auctores.
1538 1739 1631 1777 Plu-

152 1821 231 1858 rimi
271 1832 313 1857 ea
352 1818 488 1857 habent
525 1830 592 1868 pro
632 1816 699 1854 alis
738 1815 941 1854 minoribus
971 1817 1068 1853 ossis
1097 1814 1327 1866 sphenoidei‚
1359 1814 1427 1851 abs
1456 1824 1529 1864 quo
1560 1824 1631 1850 se-

154 1900 280 1946 parata
320 1904 363 1930 ea
412 1897 590 1939 censent,
639 1879 706 1928 sed
744 1891 873 1928 nescio
914 1889 1101 1940 quomodo
1140 1888 1222 1926 talis
1263 1889 1443 1925 sententia
1483 1885 1632 1938 probari

154 1968 326 2019 potuerit.
387 1965 567 2016 Equidem
599 1976 672 2002 non
703 1963 883 2012 intelligo,
917 1974 982 2001 cur
1011 1961 1070 1999 illa
1102 1973 1188 1999 ossa
1221 1973 1293 1999 non
1324 1960 1453 1998 avibus
1483 1960 1631 2011 propria

152 2040 374 2088 habeantur,
418 2039 635 2089 praesertim
674 2049 783 2088 quum
819 2037 954 2074 nemini
992 2037 1028 2073 in
1068 2041 1226 2073 mentem
1263 2035 1404 2081 veniat,
1452 2031 1632 2084 permulta

153 2113 212 2152 illa
244 2111 420 2160 ossicula,
455 2124 475 2148 e
507 2111 638 2161 quibus
671 2111 832 2148 cranium
864 2110 1019 2160 piscium
1052 2109 1297 2159 compositum
1320 2112 1389 2155 est,
1422 2118 1504 2144 cum
1527 2106 1631 2142 ossi-

153 2187 222 2225 bus
253 2186 411 2224 hominis
444 2184 650 2235 comparari
680 2194 807 2234 posse.
868 2181 942 2220 Sed
974 2183 1004 2219 si
1035 2182 1129 2219 haec
1159 2192 1308 2231 quoque
1329 2179 1630 2231 praetermittam,

154 2271 241 2298 ossa
280 2258 452 2297 omoidea
490 2256 603 2294 multo
634 2257 757 2306 potius
798 2267 881 2292 cum
916 2254 1159 2305 processibus
1196 2252 1471 2304 pterygoideis,
1522 2262 1631 2301 quam

154 2344 235 2370 cum
266 2331 334 2370 alis
365 2330 565 2369 minoribus
596 2331 694 2367 ossis
725 2327 944 2379 sphenoidei
965 2339 1190 2378 comparem.
1253 2325 1370 2373 Quam
1397 2336 1515 2362 meam
1536 2336 1630 2362 sen-

154 2406 301 2444 tentiam
333 2416 393 2442 res
433 2403 556 2454 plures
594 2404 730 2450 iuvant,
769 2403 800 2439 si
838 2402 1017 2439 rationem
1055 2400 1257 2438 habeamus
1296 2398 1355 2436 vel
1394 2410 1520 2436 eorum
1558 2409 1628 2435 os·-

233 2589 264 2632 ')
290 2589 391 2632 Apud
418 2588 596 2621 nonnullas
630 2597 729 2628 aves,
765 2587 811 2619 nti
844 2592 985 2626 anatem,
1019 2595 1181 2625 anserem,
1209 2590 1403 2624 tetraonem,
1430 2582 1629 2622 columbam,

290 2653 323 2685 in
350 2657 460 2684 rostro
490 2650 701 2694 sphenoideo
740 2649 912 2682 tubercula
950 2647 1175 2690 condyloidea
1206 2647 1291 2680 locis
1322 2647 1390 2679 suis
1428 2644 1628 2684 invenimus,

293 2725 435 2759 quorum
460 2724 522 2746 nec
548 2712 614 2746 ulla
641 2712 782 2756 vestigia
809 2712 843 2744 in
869 2711 981 2744 corvis
1007 2716 1094 2743 sunt.
