1752 2927
806 100 868 144 47

689 295 740 334 2.
788 295 984 334 Radius.

212 406 350 444 Radius
382 419 464 445 cum
495 406 599 455 ulna,
632 419 701 458 qua
733 407 841 446 valde
871 407 1094 446 imbecillior
1124 414 1265 456 exstat,
1302 421 1369 459 per
1400 409 1575 445 circum-

95 480 313 530 ferentiam
344 479 607 518 articularem
638 481 785 531 capituli
816 483 871 519 sui
893 483 1136 531 coniungitur.
1190 481 1302 520 Cuius
1325 481 1472 532 capituli
1493 493 1577 532 pars

99 554 270 603 superior
308 564 473 590 concava
513 566 593 590 cum
625 553 728 592 fossa
759 554 965 604 sigmoidea
997 556 1138 592 minore
1169 555 1315 592 foveam
1347 555 1576 592 articulat-em

98 627 201 675 lingit
230 638 296 677 pro
329 626 446 663 rotula
475 625 595 663 ulnae.
655 626 750 664 Infra
781 628 986 676 marginem
1017 629 1195 665 internum
1227 628 1374 677 capituli
1407 627 1576 666 tubero-

97 699 259 737 sitatem
290 700 554 749 conspicimus,
587 700 621 737 in
653 711 723 750 qua
755 701 866 737 oritur
897 699 1085 737 musculus
1115 700 1258 751 biceps.

213 794 357 845 Corpus
388 794 520 833 leviter
550 795 821 847 complanatum
853 797 889 834 in
920 797 1113 846 superiore
1138 808 1256 847 eaque
1278 798 1452 834 interiore
1473 801 1576 846 parte

96 869 245 905 cristam
276 870 521 906 interosseam
552 869 706 919 praebet
735 868 934 918 ligamento
967 871 1192 907 interosseo.

211 963 250 1002 ln
280 963 455 1001 inferiore
485 964 576 1002 radii
606 970 709 1016 parte
739 965 1061 1003 animadvertimus
1091 966 1342 1016 superficiem
1372 964 1575 1002 articula-

98 1049 177 1074 rem
222 1044 484 1088 peraugustam
530 1050 596 1088 pro
637 1050 724 1075 osse
763 1040 864 1089 carpi
901 1038 1047 1087 radiali,
1095 1040 1197 1076 cuius
1236 1040 1271 1076 in
1311 1039 1382 1075 line
1421 1044 1575 1076 externo

98 1112 194 1148 inest
224 1109 474 1147 tuberculum
503 1115 711 1148 externum
742 1123 823 1149 cum
855 1123 916 1158 eo,
949 1111 994 1148 de
1025 1124 1097 1162 quo
1129 1111 1224 1161 apud
1255 1111 1375 1149 ulnam
1406 1111 1574 1158 diximus,

97 1184 346 1221 coniunctum.
406 1184 524 1234 Supra
556 1183 806 1222 tuberculum
838 1185 1054 1232 internum,
1093 1185 1190 1235 quod
1224 1190 1378 1222 externo
1410 1196 1574 1234 respon-

97 1257 170 1304 det,
203 1256 477 1307 protuberantia
509 1257 689 1307 quaedam
720 1259 894 1306 occurrit,
929 1270 1037 1308 quam
1069 1269 1135 1308 pro
1155 1270 1355 1308 processu
1374 1255 1574 1309 styloideo

96 1330 186 1368 radii
216 1329 352 1368 habeo.

209 1426 304 1464 Ossa
355 1426 572 1465 antibrachii
621 1439 703 1465 cum
753 1427 906 1465 humero
956 1440 1023 1479 per
1071 1427 1165 1465 haec
1214 1426 1413 1477 ligamenta
1459 1426 1574 1465 colli-—

96 1506 246 1551 gantur:

209 1604 243 1630 a.
289 1590 384 1643 Liy.
417 1590 635 1642 capsulare
666 1590 794 1629 cubiti
828 1597 946 1629 ortum
986 1604 1006 1628 a
1045 1602 1225 1642 processu
1258 1591 1405 1628 cubitali
1436 1591 1575 1629 humeri

95 1672 132 1704 et
167 1665 344 1705 olecrano
376 1664 538 1714 affigitur
575 1671 612 1703 et
648 1667 843 1716 processui
889 1664 1119 1703 coronoideo
1164 1663 1272 1701 ulnae
1311 1670 1348 1702 et
1384 1664 1574 1702 tuberosi—

95 1741 159 1778 tati
190 1739 293 1777 radii.

206 1829 243 1868 b.
290 1828 384 1880 Liy.
417 1828 589 1867 later-ale
620 1827 748 1867 cubiti
786 1833 994 1867 externum
1033 1829 1225 1877 coniungit
1263 1827 1459 1877 condylum
1500 1841 1574 1865 ex-

96 1908 240 1941 ternum
272 1902 413 1940 brachii
445 1914 525 1939 cum
559 1901 721 1952 capitulo
752 1902 854 1940 radii.

208 2005 242 2030 c.
288 1990 382 2043 Liy.
423 1990 593 2030 laterale
632 1991 760 2030 cubita·
793 1993 991 2030 internum
1038 1992 1191 2029 interest
1237 1992 1330 2028 inter
1375 1990 1573 2040 condylum

93 2067 235 2105 humeri
265 2067 444 2103 internum
477 2071 513 2102 et
543 2066 637 2103 inter
667 2064 896 2103 tuberculum
927 2064 1036 2102 ulnae
1066 2066 1257 2102 internum.

207 2155 241 2193 d.
273 2154 369 2206 Liy.
400 2154 602 2192 annulare
629 2169 661 2192 s,
684 2154 915 2193 orbiculare
936 2155 1050 2193 radii
1077 2166 1186 2205 supra
1217 2154 1429 2192 olecranum
1452 2155 1575 2192 oriens

95 2228 292 2280 capitulum
324 2228 415 2266 radii
447 2228 678 2279 amplectitur
708 2234 745 2266 et
775 2228 908 2266 deinde
937 2229 973 2266 in
1004 2227 1232 2266 tuberculum
1264 2229 1444 2265 internum
1467 2226 1574 2265 ulnae

93 2303 274 2341 inseritur.

208 2405 241 2429 e.
273 2391 369 2442 Liy.
402 2391 530 2430 cubiti
559 2396 663 2430 teres
692 2391 738 2429 ab
770 2392 955 2429 anteriore
987 2390 1135 2442 capituli
1167 2390 1256 2428 radii
1286 2396 1391 2442 parte
1421 2389 1466 2428 ad
1499 2402 1572 2428 ex-

95 2467 313 2504 tremitatem
343 2464 451 2503 ulnae
482 2467 712 2516 superiorem
743 2465 991 2516 progreditur.

206 2556 231 2594 f.
273 2554 368 2607 1159.
401 2556 661 2594 interosseum
691 2556 849 2606 spatium
880 2554 1006 2605 explet
1036 2556 1131 2592 inter
1159 2553 1281 2592 ulnam
1313 2559 1350 2591 et
1380 2553 1531 2591 radium.

207 2659 243 2695 g.
276 2644 369 2697 Liy.
393 2650 664 2683 transversum
693 2647 846 2684 interest
875 2646 968 2683 inter
999 2643 1196 2695 capitulum
1228 2643 1335 2682 ulnae
1367 2649 1479 2694 atque
1510 2644 1572 2680 in-

94 2719 267 2757 feriorem
298 2719 449 2758 radium.
