1752 2927
895 84 956 128 54

188 219 279 253 stae
307 214 414 253 valde
445 215 648 252 eminentes
671 213 847 264 fossaque
868 215 1113 252 intercristata
1134 214 1323 252 seiunctae
1343 220 1533 265 apparent,
1565 226 1663 266 qua-

188 301 267 327 rum
297 290 437 327 interna
468 289 586 326 maior
616 293 684 325 est.
758 287 846 325 Post
876 293 1064 325 externam
1096 288 1257 336 cristam,
1288 287 1334 325 ab
1366 300 1484 338 eaque
1503 289 1664 326 incisura

189 362 346 412 quadam
378 366 627 411 segregatam,
659 360 978 398 animadvertimus
1007 361 1260 411 superficiem
1292 360 1568 412 ylenoidalem
1591 373 1665 411 pe-

189 447 381 472 ronaeam
411 446 477 486 pro
510 434 668 485 capitulo
700 433 844 472 fibulae.
912 433 951 472 In
981 435 1191 472 interiorem
1223 435 1354 485 capitis
1382 433 1493 472 tibiae
1522 439 1664 484 partem

192 519 348 559 eamque
378 520 548 558 asperam
578 507 703 558 plures
733 506 887 545 musculi
917 508 1133 545 inseruntur.

305 580 488 632 Corpus
518 580 664 618 tibiae
696 580 957 625 subrotundum
983 582 1017 618 in
1042 582 1182 618 interna
1213 585 1317 631 parte
1348 579 1478 617 lineam
1511 578 1667 630 praebet

190 656 425 702 eminentem,
456 666 551 706 quae
582 659 660 692 orta
692 655 726 692 in
757 655 865 691 crista
896 655 1034 691 interna
1067 665 1184 703 usque
1214 653 1259 691 ad
1288 652 1515 691 tuberculum
1544 653 1667 690 inter-

191 739 275 766 num
305 726 443 765 baseos
473 727 584 765 tibiae
615 726 820 765 descendit.
880 726 1073 764 Praeterea
1105 727 1138 764 in
1170 727 1362 776 superiore
1391 731 1495 776 parte
1527 726 1667 763 externi

193 800 318 838 lateris
349 806 470 838 exstat
499 801 626 838 crista
654 799 779 837 brevis
811 805 845 837 et
876 799 1006 846 valida,
1038 811 1132 849 quae
1162 798 1296 836 fibulae
1327 799 1510 836 statumini
1541 803 1609 836 est.

304 873 436 912 Basis
476 872 620 910 tibiae
652 872 794 910 duobus
833 874 996 922 magnis,
1038 871 1145 910 valde
1184 872 1381 918 convexis,
1420 872 1456 909 in
1493 870 1668 908 lateribus

193 947 270 984 suis
298 946 416 997 planis
448 945 629 995 condylis,
661 957 814 996 quorum
845 946 1030 994 margines
1060 944 1168 982 valde
1199 945 1371 993 eminent,
1401 945 1575 981 instructa
1598 948 1667 980 est.

192 1019 290 1057 Inter
319 1031 386 1057 eos
416 1021 569 1057 interest
596 1021 713 1070 fossa
743 1017 1143 1069 interconclyloidea,
1183 1029 1277 1068 quae
1316 1029 1336 1055 a
1365 1017 1485 1055 fronte
1515 1016 1670 1067 praebet

194 1093 344 1131 foveam
373 1092 565 1130 tuberculo
597 1091 940 1141 intercondyloideo
973 1093 1069 1129 ossis
1100 1091 1187 1128 tarsi
1217 1091 1379 1128 maioris.
1439 1091 1557 1140 Supra
1588 1101 1669 1127 eam

196 1166 344 1204 foveam
374 1165 639 1214 tuberosum,
678 1171 781 1202 extra
819 1165 914 1203 hanc
952 1166 1068 1215 ipsam
1107 1162 1268 1209 tubulus
1306 1163 1452 1214 quidam
1482 1163 1669 1214 aspicitur,

194 1251 262 1290 per
292 1252 400 1290 quem
437 1238 549 1276 tendo
588 1238 768 1289 procedit.
835 1239 953 1288 Supra
992 1236 1188 1286 condylum
1223 1237 1401 1274 internum
1440 1234 1669 1274 tuberculum

195 1313 330 1361 inveni,
361 1312 406 1350 ad
439 1312 536 1363 quod
568 1312 727 1350 decurrit
756 1311 850 1349 linea
883 1312 1047 1348 eminens
1077 1322 1186 1361 supra
1217 1315 1431 1348 memorata.

801 1418 869 1456 2.Δ
888 1417 1070 1456 Fibula.

309 1503 459 1552 Fibula,
492 1502 660 1541 omnibus
691 1503 726 1540 in
756 1501 884 1539 avibus
915 1502 1071 1550 exigua,
1110 1501 1146 1538 in
1177 1500 1300 1538 corvis
1331 1511 1479 1550 quoque
1510 1511 1531 1537 e
1561 1499 1669 1550 capi-

198 1577 273 1615 tulo
304 1582 439 1615 tantum
470 1582 506 1614 et
537 1587 696 1627 corpore
726 1580 883 1612 constat.

312 1649 577 1701 Capitulum
607 1659 759 1700 parvum
791 1647 880 1685 duas
910 1647 1022 1685 habet
1051 1646 1268 1698 superficies
1298 1645 1532 1694 articulares,
1571 1657 1670 1696 qua-

198 1737 275 1762 rum
306 1725 499 1775 superiore
529 1722 638 1760 iibula
669 1733 750 1760 cum
780 1720 944 1769 femore,
983 1732 1134 1771 quarum
1171 1720 1312 1758 interna
1343 1731 1424 1758 cum
1453 1719 1542 1757 tibia
1572 1730 1671 1756 con-

197 1798 369 1846 iungitur.
430 1795 545 1834 Crure
575 1795 673 1832 flexo
706 1794 902 1845 capitulum
933 1806 981 1832 ex
1011 1799 1114 1845 parte
1142 1793 1178 1831 in
1207 1793 1403 1830 incisuram
1433 1791 1531 1830 illam
1551 1793 1671 1840 intrat,

200 1870 246 1908 de
276 1882 347 1921 qua
377 1869 475 1920 apud
504 1869 623 1906 femur
651 1868 820 1907 diximus.

312 1946 489 1994 Corpus
520 1941 704 1980 fibulae
735 1940 834 1992 quod
864 1940 1000 1978 sensim
1031 1940 1174 1977 tenuius
1205 1939 1255 1986 lit,
1286 1937 1394 1989 plane
1424 1937 1577 1975 liberum
1599 1949 1672 1974 ex-

199 2023 305 2055 terno
336 2016 448 2054 tibiae
477 2015 582 2054 lateri
612 2015 807 2061 adiectum,
840 2025 920 2051 eam
950 2018 1089 2051 tantum
1119 2024 1187 2063 per
1209 2013 1355 2050 cristam
1376 2010 1564 2049 fibularem
1584 2016 1672 2048 tan-

199 2091 264 2140 git.
324 2090 393 2127 Hic
423 2088 532 2127 fibula
562 2090 598 2126 in
628 2088 794 2137 margine
824 2098 892 2125 suo
924 2091 1078 2124 externo
1108 2084 1336 2123 tuberculum
1366 2082 1532 2135 praehet.

793 2194 845 2233 3.
881 2193 1077 2231 Patella.

314 2270 354 2309 ln
384 2271 457 2308 hoc
487 2280 601 2320 parvo
633 2274 669 2306 et
699 2266 909 2305 semilunari
940 2265 1102 2304 ossiculo
1122 2271 1198 2302 tres
1220 2265 1402 2302 cernimus
1422 2262 1671 2313 superficies,

202 2349 239 2382 et
269 2344 511 2382 anteriorem
549 2353 718 2392 asperam
756 2351 912 2390 eamque
943 2349 1169 2385 convexam,
1208 2342 1245 2374 et
1280 2336 1533 2387 superiorem
1573 2347 1672 2373 con—

203 2428 345 2465 cavam,
377 2422 414 2453 et
443 2416 641 2453 internam
672 2412 886 2463 cartilagine
918 2411 1116 2449 obductam
1147 2409 1293 2447 modice
1318 2420 1522 2447 convexam
1543 2421 1573 2446 s.
1596 2408 1675 2446 fere

200 2490 360 2541 planam.
409 2489 508 2526 Situs
547 2493 583 2525 et
619 2487 827 2524 functiones
863 2483 1022 2536 patellae
1060 2483 1214 2521 eaedem
1253 2487 1335 2520 sunt
1373 2487 1483 2533 atque
1521 2480 1601 2519 aliis
1638 2482 1674 2518 in

202 2561 428 2601 animalibus.

315 2634 412 2672 Ossa
444 2633 559 2671 cruris
589 2644 656 2683 per
686 2631 830 2670 diversa
860 2629 1059 2681 ligamenta
1091 2635 1126 2667 et
1157 2630 1249 2667 inter
1279 2639 1320 2666 se
1352 2633 1388 2666 et
1419 2639 1500 2665 cum
1531 2627 1674 2664 femure

204 2709 490 2757 coniunguntur:
