1752 2927
786 87 846 131 27

73 221 214 266 partem
246 229 429 255 ramorum
462 223 587 256 tenent
618 223 656 256 et
685 231 767 258 cum
800 220 950 259 ossibus
993 221 1180 273 quadratis
1219 222 1427 273 ligamentis
1460 236 1557 262 eon-

72 290 278 339 iunguntur.

186 363 305 410 Quum
327 363 447 402 adhuc
475 365 559 402 mibi
591 377 664 403 non
696 367 906 416 contigerit,
946 374 984 405 ut
1014 380 1078 406 eas
1110 375 1235 420 partes
1266 370 1373 421 plane
1404 373 1558 422 perspi-

71 437 178 485 ciam,
211 437 308 488 quod
341 450 491 489 semper
522 451 585 476 eas
617 440 687 477 iam
720 440 875 478 coalitas
908 443 1043 491 inveni,
1083 443 1272 481 articulum
1304 444 1416 493 illum,
1449 458 1558 496 quem

69 510 241 559 formant,
274 511 495 550 describam.
557 515 708 551 Constat
739 515 834 552 enim
866 527 886 552 e
919 515 1061 554 duabus
1092 516 1205 555 fossis
1227 517 1500 566 glenoidalibus
1523 526 1559 558 et

69 583 184 622 tribus
215 585 470 635 processibus.
535 584 664 624 Fossa
690 585 946 639 ylenoz'dalis
977 593 1162 637 aeterna,
1197 592 1314 629 minor
1343 598 1380 629 et
1410 593 1557 631 modice

69 669 249 706 concava,
296 659 529 707 coniungitur
575 671 656 697 cum
692 672 893 710 processu
932 662 1204 713 condyloe'deo
1243 655 1413 702 externo
1459 669 1557 705 ossis

67 731 245 780 quadrati.
305 730 435 769 Fossa
470 731 719 783 ylenoidalis
757 734 919 772 interna
957 737 1073 774 maior
1111 742 1147 774 et
1184 736 1291 775 altior
1327 738 1559 790 amplectitur

63 816 295 853 proc-essum
328 803 641 856 conclylot‘dewn
672 807 871 845 internum
903 810 1000 846 ossis
1033 809 1212 864 quadrati.
1280 811 1379 849 Inter
1412 819 1555 850 utram-

66 890 138 928 que
169 878 309 916 fossam
341 880 495 917 interest
526 881 559 917 in
591 882 774 919 anteriore
806 887 910 933 parte
942 882 1193 922 tuberculum
1225 885 1423 936 quoddam,
1457 888 1555 937 quod

66 952 267 1002 respondet
298 952 432 990 foveae
464 954 830 1003 intercondyloideae
870 958 968 994 ossis
1008 958 1186 1008 quadrati.
1254 959 1312 997 De
1353 974 1555 1011 processu

63 1024 346 1064 mandibulam
374 1031 559 1071 emm-no,
591 1040 706 1078 parvo
740 1035 776 1066 et
805 1029 954 1079 hebete,
988 1032 1058 1069 iam
1091 1044 1200 1083 supra
1232 1033 1403 1072 diximus.
1466 1035 1552 1073 Ma-

64 1100 120 1136 ior
151 1105 208 1137 est
232 1112 453 1149 processus
482 1100 780 1139 mnnclibularis
805 1105 1027 1153 posterior,
1060 1107 1120 1156 qui
1158 1112 1383 1157 postremam
1414 1109 1549 1147 maxil-

64 1172 121 1210 lae
152 1173 335 1211 inferioris
368 1180 508 1224 partem
540 1175 686 1224 format,
720 1177 753 1214 in
786 1179 910 1215 corvis
940 1184 1076 1227 autem,
1109 1181 1139 1217 si
1171 1180 1261 1218 alias
1284 1194 1372 1219 aves
1395 1189 1552 1233 specta-

64 1259 157 1295 mus,
189 1259 324 1297 parvus
356 1248 548 1285 invenitur.
609 1248 834 1288 processus
853 1251 1073 1302 styloc'cleus
1102 1253 1179 1303 (vel
1203 1255 1461 1294 mandibularis
1490 1258 1551 1295 in—

63 1324 205 1365 ternus)
238 1322 396 1358 ‹nnnium
431 1324 610 1360 maximus
648 1325 681 1360 in
720 1326 861 1362 interna
903 1332 1006 1376 parte
1046 1332 1082 1364 et
1113 1328 1259 1378 quidem
1293 1341 1402 1380 supra
1434 1332 1550 1381 ipsum

63 1395 242 1432 internum
284 1396 484 1443 marginem
524 1396 650 1433 fossae
689 1397 911 1446 glenoidalis
961 1399 1127 1438 foramen
1176 1402 1358 1452 quoddam
1399 1416 1550 1454 parvum

62 1468 228 1518 praebet,
270 1469 369 1519 qnod
402 1470 572 1520 siphonio
605 1470 654 1508 illi
685 1473 843 1509 iunctum
877 1478 934 1510 est
965 1480 1000 1511 et
1031 1486 1098 1524 per
1129 1475 1226 1525 quod
1257 1477 1324 1514 aer
1354 1479 1387 1515 in
1420 1489 1550 1516 cavum

62 1542 176 1592 ipsius
208 1542 439 1580 mandibulae
472 1546 651 1593 pervenit.
720 1545 758 1582 ln
791 1552 978 1601 postrema
1012 1560 1132 1598 eaque
1170 1555 1323 1587 externa
1362 1553 1550 1602 utriusque

61 1617 149 1653 rami
190 1622 292 1666 parte
326 1623 521 1655 cernuntur
554 1617 647 1655 duae
679 1620 827 1667 cristae,
870 1632 965 1670 qnae
1004 1621 1072 1659 sub
1105 1623 1184 1673 ipsa
1216 1623 1317 1661 fossa
1349 1624 1550 1673 glenoidali

61 1691 327 1727 convenientes
351 1703 585 1741 processum
619 1692 856 1743 anyularem
889 1696 1048 1732 maxime
1079 1695 1266 1744 hebetem,
1307 1698 1442 1747 angulo
1474 1700 1549 1737 ho-

60 1764 165 1800 minis
196 1763 413 1802 simillimum
447 1765 691 1815 conformant,
724 1769 785 1817 qui
817 1769 852 1805 in
884 1771 1008 1807 corvis
1040 1771 1100 1807 vix
1131 1782 1197 1821 pro
1219 1783 1399 1822 processu
1421 1762 1550 1811 haberi

59 1842 195 1887 potest.
265 1837 363 1876 Inter
399 1839 465 1876 has
498 1841 629 1877 cristas
668 1846 704 1878 et
742 1841 888 1891 quidem
921 1854 1034 1893 super
1071 1856 1289 1894 processum
1335 1845 1548 1895 angularem

54 1909 226 1961 planum
266 1912 387 1949 inveni
426 1912 609 1962 quoddam
649 1914 928 1966 triangyzclare,
978 1918 1034 1954 eui
1075 1917 1225 1955 infixum
1266 1925 1322 1956 est
1362 1920 1548 1958 musculus

59 1984 262 2035 depressor
292 1985 538 2023 mandibulae.

172 2070 205 2107 d.
238 2069 400 2108 Partes
433 2071 862 2122 complementares
888 2074 1143 2125 (internae)
1167 2075 1260 2113 duae
1283 2083 1366 2115 sunt
1387 2077 1546 2117 laminae

59 2155 195 2181 osseae
244 2150 465 2194 pertenues,
516 2157 612 2195 quae
666 2147 843 2185 internam
899 2160 1057 2199 eamque
1106 2149 1262 2188 mediam
1312 2152 1546 2202 superficiem

59 2217 237 2268 cuiusque
268 2219 357 2255 rami
389 2217 579 2269 obtegunt.
640 2220 767 2258 Partes
808 2233 933 2259 earum
975 2224 1186 2261 anteriores
1216 2225 1251 2261 in
1283 2224 1392 2275 pullis
1423 2239 1545 2264 mem—

58 2288 267 2329 branaceae
297 2303 383 2330 sero
416 2293 450 2330 in
482 2305 526 2331 os
558 2299 752 2332 mutantur.

564 2413 640 2453 12.
680 2414 747 2453 Os
775 2415 1038 2465 hyoideum.

172 2500 326 2540 Constat
357 2516 377 2540 e
409 2516 583 2555 corpore,
617 2506 791 2544 cornibus
823 2507 1026 2546 maioribus
1058 2514 1094 2546 et
1115 2509 1331 2558 minoribus,
1364 2522 1544 2561 processu

58 2575 241 2626 spatulato
273 2582 309 2613 et
340 2576 486 2615 ossibus
519 2578 759 2628 entoglossis.

171 2671 203 2696 a.
251 2660 425 2699 Anterior
470 2673 590 2712 eaque
630 2662 702 2700 lata
742 2676 827 2714 pars
876 2667 1097 2716 eorporis
1138 2666 1312 2715 oblongi,
1365 2679 1384 2705 a
1424 2668 1545 2705 fronte

58 2734 193 2781 tenuis,
224 2739 310 2784 post
339 2736 470 2783 crassi,
502 2735 594 2773 duos
626 2736 824 2788 condylos
853 2738 1008 2788 praebet
1039 2738 1187 2777 ossibus
1218 2740 1460 2790 entoglossis.
1508 2741 1544 2779 ln

1252 2813 1274 2849 3
