1752 2927
860 82 918 127 12

148 218 324 258 adhaeret
361 215 547 255 musculus
585 214 812 266 temporalis.
872 213 1021 252 interna
1059 211 1278 263 superficies
1316 221 1492 261 squamae
1530 215 1631 248 tem-

148 304 278 343 porum
311 297 368 328 est
398 301 563 328 concava
596 294 632 326 et
663 288 858 326 cerebrum
888 287 934 325 ad
964 291 1106 338 partem
1134 286 1238 334 tegit.
1290 284 1379 322 Pars
1417 294 1630 334 squamosa,

149 367 199 404 uti
236 367 306 402 iam
347 363 742 410 commemoravimus,
789 361 849 399 diu
887 365 1012 398 manet
1053 371 1098 397 os
1136 358 1323 408 singulare
1362 363 1398 396 et
1434 369 1520 395 sero
1551 368 1634 394 cum

152 437 408 478 adiacentibus
440 437 554 475 cranii
585 435 735 473 ossibus
766 434 961 473 coalescit.

266 511 302 549 b.
348 511 460 549 Pars
499 516 690 561 petrosa
731 508 811 546 fere
842 508 991 546 omnino
1023 506 1105 544 aliis
1137 505 1290 543 ossibus
1319 505 1475 554 tegitur,
1521 506 1570 542 ita
1599 508 1639 541 ut

153 589 300 635 integro
333 585 458 622 cranio
488 584 550 621 vix
580 583 722 633 adspici
753 583 886 633 possit.
938 580 1136 618 Praeterea
1158 580 1194 617 in
1224 578 1328 630 pullo
1361 580 1421 616 vix
1451 584 1536 616 nato
1566 578 1638 615 iam

156 671 238 697 cum
269 670 357 696 osse
390 656 621 708 sphenoideo
654 662 689 694 et
720 657 892 706 occipitis
925 659 1103 692 concreta
1134 654 1329 700 invenitur,
1362 664 1432 702 qua
1463 663 1505 689 re
1536 650 1639 688 diffi—

156 732 329 771 cillimum
362 737 432 778 est,
464 731 555 768 fines
587 731 665 767 eius
697 735 734 766 et
763 728 920 766 formam
953 726 1179 765 describere.
1238 726 1278 764 ln
1309 726 1497 763 exteriore
1528 724 1642 762 cranii

156 811 262 857 parte
299 809 472 842 meatum
511 802 759 840 auditorium
797 805 1009 839 externum
1046 800 1202 846 format,
1255 800 1359 836 cuius
1402 800 1438 836 in
1477 798 1642 847 margine

158 879 350 930 superiore
382 877 523 915 fossam
556 875 840 924 condyloideam
880 886 948 925 pro
986 874 1196 924 posteriore
1234 883 1419 923 processu
1449 870 1644 909 auriculari

159 953 257 990 ossis
289 951 455 1002 quadrati
487 950 751 1000 conspicimus.
811 948 851 986 ln
889 947 1074 998 profundo
1114 951 1256 984 meatus
1293 945 1463 982 auditorii
1502 945 1644 982 externi

161 1025 306 1063 ductus
338 1024 543 1062 coroticus
573 1028 740 1073 apparet,
773 1034 841 1072 per
871 1033 979 1071 quem
1011 1021 1119 1057 etiam
1150 1031 1245 1056 vena
1276 1018 1450 1067 iugularis
1481 1029 1526 1055 ac
1552 1029 1645 1055 ner-

159 1111 228 1136 vus
259 1104 295 1136 et
325 1097 695 1148 glossopharyngeus
727 1102 763 1133 et
794 1107 910 1143 vagus
941 1094 1174 1144 proveniunt.
1234 1092 1330 1130 Infra
1361 1097 1504 1130 meatus
1534 1090 1645 1128 audi-

163 1174 278 1211 torius
308 1171 442 1209 lamina
473 1172 540 1208 ista
572 1170 759 1220 tympani,
791 1174 878 1219 post
909 1180 996 1205 osse
1028 1168 1218 1217 occipitis‚
1251 1178 1360 1216 supra
1392 1171 1496 1215 parte
1527 1176 1645 1214 squa-

163 1258 281 1292 mosa,
314 1250 398 1282 ante
429 1243 497 1281 alis
529 1242 769 1294 sphenoideis
800 1243 947 1290 tegitur.
1006 1241 1152 1278 Interna
1182 1242 1269 1290 'pars
1290 1245 1439 1290 petrosa
1461 1240 1496 1276 in
1518 1250 1647 1276 cavum

165 1320 278 1357 cranii
309 1318 430 1366 vergit
461 1322 497 1354 et
527 1322 633 1354 acuta
667 1317 777 1353 crista
810 1316 925 1365 (quae
948 1320 1005 1352 est
1035 1326 1164 1363 margo
1196 1314 1366 1363 superior
1395 1311 1490 1362 apud
1522 1311 1647 1349 homi-

165 1392 268 1441 nem)
299 1392 333 1429 in
364 1396 506 1442 partem
538 1390 761 1427 anteriorem
793 1394 830 1425 et
858 1388 1108 1438 posteriorem
1141 1386 1332 1434 dividitur,
1365 1397 1515 1436 quarum
1546 1384 1650 1422 alteri

165 1466 319 1504 inferior
347 1476 433 1515 pars
465 1462 662 1510 cerebelli,
707 1461 810 1499 alteri
843 1460 1000 1499 medulla
1032 1459 1235 1509 oblongata
1266 1458 1412 1497 insidet.
1472 1458 1530 1496 De
1560 1469 1648 1496 aure

167 1540 309 1577 interna
338 1539 373 1575 in
405 1536 737 1588 splanchnologIca
768 1540 872 1585 parte
904 1533 1072 1585 opusculi
1102 1534 1174 1571 mei
1206 1532 1445 1570 disseremus.

652 1666 702 1705 6.
755 1666 821 1705 Os
847 1664 1171 1704 ethmoideum.

283 1759 366 1797 Hoc
404 1770 448 1796 os
488 1759 577 1796 satis
617 1769 789 1807 magr-um
829 1758 865 1794 in
905 1756 1056 1794 easdem
1095 1761 1220 1807 partes
1259 1754 1447 1802 dividitur,
1494 1755 1653 1804 quaein

171 1834 320 1871 homine
352 1837 706 1877 commemorantur,
739 1831 829 1868 situs
861 1836 982 1868 tamen
1015 1841 1138 1866 earum
1173 1841 1219 1866 ex
1249 1834 1353 1879 parte
1384 1834 1441 1864 est
1470 1826 1576 1865 alius.

288 1918 321 1944 a,
354 1906 540 1944 Lamina
574 1905 795 1943 cribrosa
828 1909 884 1941 est
913 1914 1110 1954 perparva,
1143 1908 1179 1939 et
1200 1913 1309 1952 supra
1330 1901 1509 1938 foramina
1533 1902 1656 1952 optica

175 1979 269 2018 alam
307 1984 499 2029 utramque
538 1977 806 2028 sphenoideam
846 1978 940 2014 inter
978 1988 1018 2013 se
1058 1976 1229 2025 seiungit.
1289 1974 1385 2012 infra
1425 1975 1658 2024 coniungitur

176 2052 298 2091 tabula
330 2064 442 2091 ossea
473 2052 641 2103 pertenui
673 2063 753 2088 cum
786 2056 908 2088 rostro
939 2049 1186 2100 sphenoideo.

291 2125 329 2162 b.
373 2125 562 2163 Lamina
600 2123 1024 2175 perpendicularis
1064 2122 1144 2159 fere
1182 2120 1453 2172 quadrangula,
1502 2121 1658 2158 maxima

179 2211 226 2236 ex
264 2204 368 2249 parte
409 2198 547 2235 orbitas
586 2198 767 2245 seiungit,
814 2207 909 2246 quae
947 2197 983 2233 in
1020 2207 1089 2232 ave
1129 2194 1249 2232 adulta
1288 2194 1469 2231 foramine
1499 2193 1658 2243 quodam

180 2273 268 2309 satis
300 2282 434 2320 magno
466 2272 560 2308 inter
590 2281 631 2307 se
670 2269 952 2306 communicant.
1013 2267 1121 2318 Apud
1161 2271 1446 2315 caryocatacten
1477 2277 1546 2316 pro
1585 2265 1659 2303 hoc

180 2345 358 2382 foramine
390 2343 560 2393 equidem
601 2344 722 2379 inveni
754 2341 825 2379 duo
856 2353 969 2392 parva
1001 2352 1110 2391 supra
1142 2339 1320 2377 foramina
1353 2340 1476 2389 optica
1508 2344 1543 2376 et
1573 2343 1659 2389 post

180 2417 360 2455 foramina
399 2415 654 2461 ethmoidalia,
701 2426 853 2465 quorum
892 2416 962 2452 iam
1000 2415 1045 2451 in.
1077 2413 1327 2462 descriptione
1359 2413 1496 2450 ossium
1527 2411 1659 2449 frontis

182 2490 405 2527 mentionem
450 2487 618 2525 fecimus.
678 2488 914 2532 inveniuntur
958 2486 1016 2524 illa
1063 2488 1097 2523 in
1145 2487 1356 2536 posteriore
1394 2491 1430 2523 et
1467 2486 1660 2536 superiore

182 2561 318 2612 angulo
351 2560 509 2608 orbitali‚
541 2560 603 2598 ubi
633 2561 766 2598 lamina
796 2559 1115 2610 perpendicularis
1146 2560 1242 2596 ossis
1265 2557 1466 2596 ethmoidei
1488 2558 1661 2595 convenit

184 2647 266 2672 cum
297 2633 460 2684 partibus
491 2632 677 2670 nasalibus
708 2638 745 2670 et
776 2632 992 2670 orbitalibus
1023 2634 1120 2670 ossis
1151 2631 1332 2670 frontalis.
1379 2630 1510 2680 Margo
1541 2641 1661 2680 supe-

184 2709 261 2745 rior
288 2707 447 2745 laminae
478 2705 793 2757 perpendicularis
824 2706 896 2756 ipsi
927 2710 1075 2743 suturae
1104 2704 1251 2743 frontali
1282 2704 1449 2743 subiacet
1485 2709 1522 2741 et
1554 2714 1662 2741 nares
