1752 2927
902 88 964 134 34

191 224 248 256 ter
276 223 515 269 postremam,
548 218 594 257 de
626 231 697 270 qua
728 218 871 269 singula
904 219 1081 259 dicemus.
1144 221 1173 259 A
1207 221 1365 259 caeteris
1396 227 1521 259 tamen
1547 225 1677 258 verte-

192 291 268 329 bris
299 291 407 330 valde
437 291 580 330 alienae
621 292 869 342 magnitudine
907 300 1136 344 superantur.
1187 294 1225 333 ln
1265 295 1309 332 iis
1342 306 1560 345 processus
1596 294 1678 345 spi-

191 365 283 402 nosi
306 365 571 415 posteriores,
603 365 734 416 quibus
765 366 962 404 inferiores
994 365 1113 417 pelvis
1145 366 1340 405 vertebrae
1373 372 1512 415 carent,
1555 366 1678 418 paullo

192 437 236 474 ad
274 440 459 485 anteriora
503 441 674 477 conversi
723 439 832 490 plane
878 441 1162 491 perspiciuntur.
1239 439 1376 479 Contra
1425 440 1679 478 desideramus

187 523 405 560 processus
432 513 622 562 spinosos
652 514 893 557 anteriores,
925 526 1019 564 quos
1049 513 1182 552 frustra
1214 515 1249 551 in
1279 513 1398 564 pelvis
1428 513 1610 550 vertebris
1642 517 1678 550 et

193 583 293 621 dorsi
324 584 562 623 inferioribus
593 588 824 637 quaerimus,
867 587 902 624 in
942 586 1125 637 prioribus
1157 587 1303 638 quidem
1336 587 1516 635 coccygis
1547 591 1670 624 verte-

193 655 281 702 bris,
313 657 380 694 sed
401 659 435 696 in
452 658 686 696 inferioribus
708 660 925 707 invenimus,
958 659 1019 697 ubi
1040 660 1309 710 posterioribus
1331 659 1573 710 processibus
1595 660 1679 709 spi-

193 731 294 766 nosis
319 732 480 768 minores
511 738 702 782 apparent.
741 731 1008 770 processibus
1033 731 1210 784 obliquis
1235 734 1383 770 omnino
1410 731 1679 779 deficientibus,

193 802 307 840 altera
326 803 493 842 vertebra
512 816 706 853 coccygea
724 804 828 842 alteri
845 817 912 855 per
929 806 1162 856 superliciem
1181 818 1283 843 suam
1302 805 1532 842 articularem
1551 805 1679 852 iungi-

194 880 260 912 tur.
320 875 543 914 Processus
573 878 798 915 transversi
826 879 858 915 in
890 877 996 916 nullis
1027 878 1106 916 aliis
1138 878 1318 916 vertebris
1350 878 1445 915 adeo
1478 878 1679 928 perspicui,

195 950 444 998 magnitudine
475 952 651 1001 spinosos
682 952 911 1001 posteriores
944 957 1129 1002 superant.
1200 951 1382 989 Foramen
1415 950 1556 1001 spinale
1589 962 1679 1000 par-

193 1033 277 1059 vum
308 1035 425 1073 usque
464 1025 499 1061 in
538 1023 749 1062 vertebram
790 1031 1014 1075 postremam
1047 1024 1291 1075 protenditur,
1333 1024 1379 1062 de
1418 1036 1490 1074 qua
1532 1023 1681 1061 uberius

199 1097 269 1133 iam
302 1095 479 1135 dicamus.

309 1169 402 1208 Aliis
441 1172 535 1208 enim
576 1170 756 1208 vertebris
797 1170 909 1220 louge
949 1173 1065 1209 maior
1107 1184 1128 1208 e
1167 1170 1330 1217 duabus,
1371 1182 1466 1221 quae
1508 1171 1542 1207 in
1574 1169 1682 1220 pullis

195 1247 330 1280 tautum
371 1250 595 1293 segregatae
642 1245 891 1290 inveniuntur,
938 1243 1119 1282 vertebris
1160 1245 1367 1295 composita
1406 1249 1484 1288 est,
1531 1255 1681 1293 quarum

196 1318 356 1354 anterior
386 1329 497 1367 parva
530 1323 598 1365 est,
630 1319 817 1364 posterior
857 1324 983 1355 contra
1026 1320 1182 1355 maxima
1215 1317 1437 1367 singularem
1469 1315 1565 1354 illam
1597 1316 1680 1353 for—

195 1401 290 1426 mam
322 1389 488 1440 praebet.
552 1390 696 1441 Corpus
729 1393 808 1428 eius
840 1403 908 1428 una
943 1397 1077 1428 tautum
1110 1391 1308 1441 superlicie
1348 1389 1531 1427 articulari
1564 1401 1681 1426 orna-

196 1467 268 1499 tum
301 1469 369 1510 est,
413 1475 480 1513 per
517 1476 625 1514 quam
666 1466 824 1513 iungitur
864 1465 1047 1514 superiori
1087 1464 1282 1502 vertebrae
1315 1464 1510 1513 coccygis.
1569 1462 1618 1500 Et
1647 1464 1681 1500 in

196 1541 353 1586 utroque
384 1536 500 1574 latere
532 1539 610 1575 eius
642 1539 851 1588 superficiei
883 1536 1057 1584 lateralis,
1097 1543 1134 1574 et
1164 1537 1232 1574 sub
1265 1549 1345 1574 eam
1377 1538 1513 1587 ispsam
1546 1547 1682 1586 parvos

198 1610 382 1647 cernimus
413 1610 585 1658 nodulos,
626 1623 720 1661 quos
751 1609 873 1648 babeo
897 1622 963 1661 pro
997 1611 1163 1658 vestigiis
1202 1622 1445 1661 processuum
1485 1615 1522 1647 et
1552 1615 1678 1646 trans-

196 1693 388 1721 versorum
420 1689 458 1721 et
487 1685 629 1734 spinosi
661 1685 866 1722 anterioris.
926 1683 1107 1721 Maximus
1138 1689 1259 1720 autem
1291 1688 1349 1720 est
1365 1695 1581 1733 processus
1599 1683 1683 1733 spi-

195 1768 317 1793 nosus
351 1757 572 1807 posterior,
614 1770 687 1808 quo
728 1757 810 1796 solo
850 1757 1008 1795 eflicitur
1047 1762 1083 1795 et
1122 1757 1238 1795 forma
1280 1756 1475 1806 singularis
1514 1763 1549 1794 et
1592 1756 1681 1794 mira

196 1830 410 1879 magnit-udo
442 1836 654 1881 postremae
686 1830 894 1868 vertebrae.
963 1830 1028 1869 Ille
1065 1842 1270 1881 processus
1308 1830 1368 1867 vel
1400 1830 1477 1867 fere
1508 1829 1680 1878 triangu—

195 1901 297 1951 laris,
329 1903 388 1940 vel
420 1903 673 1951 cuneiformis‚
707 1916 727 1941 e
759 1903 933 1942 lateribus
966 1915 1218 1955 compressus,
1250 1903 1362 1941 habet
1383 1903 1584 1952 marginem
1606 1914 1680 1939 an-

196 1977 370 2014 teriorem
402 1983 561 2026 acutum,
592 1979 839 2028 posteriorem
873 1976 1058 2026 hebetem,
1098 1979 1159 2028 qui
1197 1976 1307 2014 ambo
1338 1977 1374 2014 in
1404 1981 1513 2014 acuto
1543 1974 1680 2024 angulo

195 2050 291 2087 inter
320 2061 363 2088 se
401 2052 683 2100 coniunguntur.
753 2050 1035 2099 Longitudinem
1074 2051 1180 2088 huius
1219 2049 1415 2088 vertebrae
1453 2053 1679 2100 postremae,

197 2123 300 2160 cuius
338 2123 374 2161 in
412 2123 587 2161 lateribus
627 2123 782 2162 musculi
820 2125 1019 2162 rectricum
1059 2125 1242 2172 oriuntur,
1288 2124 1410 2161 inveni
1450 2124 1485 2161 in
1524 2133 1678 2169 corone,

197 2197 349 2235 cornice
379 2202 416 2235 et
446 2196 634 2247 frugilego
662 2215 707 2230 =
731 2194 811 2246 8“‘,
842 2199 879 2235 in
909 2197 1103 2236 monedula
1129 2215 1175 2230 =
1200 2193 1276 2235 6¹¹².

913 2351 963 2393 [Ι.

775 2452 875 2495 ossa
910 2452 1098 2505 pectoris·

309 2567 347 2605 In
380 2580 533 2605 numero
566 2569 706 2606 ossium
738 2567 980 2619 pectoralium
1011 2567 1153 2605 babeo:
1200 2571 1382 2615 sternum,
1415 2571 1559 2614 costas,
1590 2577 1677 2603 ossa

196 2640 481 2679 sternocostalia
513 2646 550 2679 et
580 2642 781 2692 processus
818 2642 1023 2680 uncinatos.
1091 2640 1135 2678 Hi
1175 2652 1195 2678 a
1232 2640 1396 2691 plurimis
1434 2651 1501 2690 pro
1542 2643 1675 2676 costa-

197 2725 274 2752 rum
304 2714 549 2765 processibus
579 2715 775 2753 ducuntur:
822 2720 858 2753 at
896 2725 1006 2765 quum
1037 2715 1072 2752 in
1102 2714 1270 2752 neonatis
1301 2715 1371 2751 sint
1400 2711 1563 2750 ossicula
1592 2711 1675 2749 sin-
