<?xml version="1.0" encoding="UTF-8"?>
<!DOCTYPE html PUBLIC "-//W3C//DTD XHTML 1.0 Transitional//EN"
    "http://www.w3.org/TR/xhtml1/DTD/xhtml1-transitional.dtd">
<html xmlns="http://www.w3.org/1999/xhtml" xml:lang="en" lang="en">
 <head>
  <title>
</title>
<meta http-equiv="Content-Type" content="text/html;charset=utf-8" />
  <meta name='ocr-system' content='tesseract 3.04.00' />
  <meta name='ocr-capabilities' content='ocr_page ocr_carea ocr_par ocr_line ocrx_word'/>
</head>
<body>
  <div class='ocr_page' id='page_1' title='image "./deanatomiacorvor00bern_0041.png"; bbox 0 0 1752 2927; ppageno 0'>
   <div class='ocr_carea' id='block_1_1' title="bbox 806 104 866 148">
    <p class='ocr_par' dir='ltr' id='par_1_1' title="bbox 806 104 866 148">
     <span class='ocr_line' id='line_1_1' title="bbox 806 104 866 148; baseline -0.017 0"><span class='ocrx_word' id='word_1_1' title='bbox 806 104 866 148; x_wconf 79' lang='lat'><strong>29</strong></span> 
     </span>
    </p>
   </div>
   <div class='ocr_carea' id='block_1_2' title="bbox 605 278 1052 410">
    <p class='ocr_par' dir='ltr' id='par_1_2' title="bbox 605 278 1052 410">
     <span class='ocr_line' id='line_1_2' title="bbox 814 278 846 319; baseline -0.031 0"><span class='ocrx_word' id='word_1_2' title='bbox 814 278 846 319; x_wconf 92' lang='lat'><strong>1.</strong></span> 
     </span>
     <span class='ocr_line' id='line_1_3' title="bbox 605 357 1052 410; baseline -0.002 -11"><span class='ocrx_word' id='word_1_3' title='bbox 605 357 728 410; x_wconf 80' lang='lat' dir='ltr'><strong>Spina</strong></span> <span class='ocrx_word' id='word_1_4' title='bbox 768 357 1052 400; x_wconf 82' lang='lat' dir='ltr'><strong>vertebrarum.</strong></span> 
     </span>
    </p>
   </div>
   <div class='ocr_carea' id='block_1_3' title="bbox 90 460 1577 1100">
    <p class='ocr_par' dir='ltr' id='par_1_3' title="bbox 90 460 1577 1100">
     <span class='ocr_line' id='line_1_4' title="bbox 205 460 1577 513; baseline 0.001 -13"><span class='ocrx_word' id='word_1_5' title='bbox 205 461 244 500; x_wconf 87' lang='lat' dir='ltr'><strong>ln</strong></span> <span class='ocrx_word' id='word_1_6' title='bbox 277 462 399 500; x_wconf 85' lang='lat' dir='ltr'><strong>corvis</strong></span> <span class='ocrx_word' id='word_1_7' title='bbox 430 462 538 499; x_wconf 86' lang='lat' dir='ltr'><strong>etiam</strong></span> <span class='ocrx_word' id='word_1_8' title='bbox 570 460 824 511; x_wconf 83' lang='lat' dir='ltr'><strong>dignoscimus</strong></span> <span class='ocrx_word' id='word_1_9' title='bbox 863 462 1056 500; x_wconf 83' lang='lat' dir='ltr'><strong>vertebras</strong></span> <span class='ocrx_word' id='word_1_10' title='bbox 1096 461 1196 511; x_wconf 89' lang='lat' dir='ltr'><strong>colli,</strong></span> <span class='ocrx_word' id='word_1_11' title='bbox 1236 462 1350 511; x_wconf 89' lang='lat' dir='ltr'><strong>dorsi,</strong></span> <span class='ocrx_word' id='word_1_12' title='bbox 1392 462 1510 513; x_wconf 87' lang='lat' dir='ltr'><strong>pelvis</strong></span> <span class='ocrx_word' id='word_1_13' title='bbox 1540 469 1577 501; x_wconf 88' lang='lat' dir='ltr'><strong>et</strong></span> 
     </span>
     <span class='ocr_line' id='line_1_5' title="bbox 93 534 1576 586; baseline 0.001 -13"><span class='ocrx_word' id='word_1_14' title='bbox 93 536 286 585; x_wconf 79' lang='lat' dir='ltr'><strong>coccygis.</strong></span> <span class='ocrx_word' id='word_1_15' title='bbox 329 534 538 573; x_wconf 87' lang='lat' dir='ltr'><strong>Vertebrae</strong></span> <span class='ocrx_word' id='word_1_16' title='bbox 562 534 756 584; x_wconf 89' lang='lat' dir='ltr'><strong>lumbales,</strong></span> <span class='ocrx_word' id='word_1_17' title='bbox 780 547 872 586; x_wconf 90' lang='lat' dir='ltr'><strong>quas</strong></span> <span class='ocrx_word' id='word_1_18' title='bbox 895 537 930 573; x_wconf 89' lang='lat' dir='ltr'><strong>in</strong></span> <span class='ocrx_word' id='word_1_19' title='bbox 954 535 1209 574; x_wconf 87' lang='lat' dir='ltr'><strong>mammalibus</strong></span> <span class='ocrx_word' id='word_1_20' title='bbox 1236 538 1518 585; x_wconf 83' lang='lat' dir='ltr'><strong>cognoscimus,</strong></span> <span class='ocrx_word' id='word_1_21' title='bbox 1541 538 1576 575; x_wconf 92' lang='lat' dir='ltr'><strong>in</strong></span> 
     </span>
     <span class='ocr_line' id='line_1_6' title="bbox 91 604 1576 660; baseline 0.001 -14"><span class='ocrx_word' id='word_1_22' title='bbox 91 608 222 646; x_wconf 86' lang='lat' dir='ltr'><strong>avibns</strong></span> <span class='ocrx_word' id='word_1_23' title='bbox 242 608 322 646; x_wconf 80' lang='lat' dir='ltr'><strong>fere</strong></span> <span class='ocrx_word' id='word_1_24' title='bbox 343 604 568 659; x_wconf 42' lang='lat' dir='ltr'><strong>nunquamii)</strong></span> <span class='ocrx_word' id='word_1_25' title='bbox 601 609 842 646; x_wconf 84' lang='lat' dir='ltr'><strong>inveniuntur.</strong></span> <span class='ocrx_word' id='word_1_26' title='bbox 878 607 987 655; x_wconf 90' lang='lat' dir='ltr'><strong>Quod</strong></span> <span class='ocrx_word' id='word_1_27' title='bbox 1020 610 1054 646; x_wconf 89' lang='lat' dir='ltr'><strong>in</strong></span> <span class='ocrx_word' id='word_1_28' title='bbox 1078 610 1201 646; x_wconf 90' lang='lat' dir='ltr'><strong>corvis</strong></span> <span class='ocrx_word' id='word_1_29' title='bbox 1223 621 1373 660; x_wconf 87' lang='lat' dir='ltr'><strong>quoque</strong></span> <span class='ocrx_word' id='word_1_30' title='bbox 1396 609 1507 658; x_wconf 88' lang='lat' dir='ltr'><strong>valet,</strong></span> <span class='ocrx_word' id='word_1_31' title='bbox 1542 611 1576 648; x_wconf 90' lang='lat' dir='ltr'><strong>in</strong></span> 
     </span>
     <span class='ocr_line' id='line_1_7' title="bbox 91 680 1573 733; baseline 0.001 -14"><span class='ocrx_word' id='word_1_32' title='bbox 91 682 222 733; x_wconf 86' lang='lat' dir='ltr'><strong>quibus</strong></span> <span class='ocrx_word' id='word_1_33' title='bbox 249 680 457 719; x_wconf 80' lang='lat' dir='ltr'>vertebram</span> <span class='ocrx_word' id='word_1_34' title='bbox 480 687 719 731; x_wconf 79' lang='lat' dir='ltr'><strong>postremam,</strong></span> <span class='ocrx_word' id='word_1_35' title='bbox 746 694 840 732; x_wconf 87' lang='lat' dir='ltr'><strong>quae</strong></span> <span class='ocrx_word' id='word_1_36' title='bbox 866 687 902 720; x_wconf 82' lang='lat' dir='ltr'><strong>et</strong></span> <span class='ocrx_word' id='word_1_37' title='bbox 927 688 1031 720; x_wconf 89' lang='lat' dir='ltr'><strong>costa</strong></span> <span class='ocrx_word' id='word_1_38' title='bbox 1058 681 1214 732; x_wconf 88' lang='lat' dir='ltr'><strong>quadam</strong></span> <span class='ocrx_word' id='word_1_39' title='bbox 1245 688 1373 720; x_wconf 85' lang='lat' dir='ltr'><strong>ornata</strong></span> <span class='ocrx_word' id='word_1_40' title='bbox 1405 688 1441 720; x_wconf 89' lang='lat' dir='ltr'><strong>et</strong></span> <span class='ocrx_word' id='word_1_41' title='bbox 1473 682 1573 720; x_wconf 89' lang='lat' dir='ltr'><strong>dorsi</strong></span> 
     </span>
     <span class='ocr_line' id='line_1_8' title="bbox 91 754 1576 807; baseline 0.002 -16"><span class='ocrx_word' id='word_1_42' title='bbox 91 754 261 793; x_wconf 84' lang='lat' dir='ltr'><strong>vertebra</strong></span> <span class='ocrx_word' id='word_1_43' title='bbox 297 754 464 793; x_wconf 86' lang='lat' dir='ltr'><strong>habenda</strong></span> <span class='ocrx_word' id='word_1_44' title='bbox 506 761 584 801; x_wconf 87' lang='lat' dir='ltr'><strong>est,</strong></span> <span class='ocrx_word' id='word_1_45' title='bbox 625 755 820 793; x_wconf 87' lang='lat' dir='ltr'><strong>vertebrae</strong></span> <span class='ocrx_word' id='word_1_46' title='bbox 859 755 978 806; x_wconf 91' lang='lat' dir='ltr'><strong>pelvis</strong></span> <span class='ocrx_word' id='word_1_47' title='bbox 1018 761 1208 807; x_wconf 91' lang='lat' dir='ltr'><strong>sequntnr.</strong></span> <span class='ocrx_word' id='word_1_48' title='bbox 1283 755 1406 794; x_wconf 87' lang='lat' dir='ltr'><strong>Nihilo</strong></span> <span class='ocrx_word' id='word_1_49' title='bbox 1451 758 1576 794; x_wconf 87' lang='lat' dir='ltr'><strong>secius</strong></span> 
     </span>
     <span class='ocr_line' id='line_1_9' title="bbox 91 828 1576 880; baseline 0.001 -15"><span class='ocrx_word' id='word_1_50' title='bbox 91 828 342 867; x_wconf 88' lang='lat' dir='ltr'><strong>vertebrarum</strong></span> <span class='ocrx_word' id='word_1_51' title='bbox 382 840 554 866; x_wconf 91' lang='lat' dir='ltr'><strong>numerus</strong></span> <span class='ocrx_word' id='word_1_52' title='bbox 593 829 772 866; x_wconf 85' lang='lat' dir='ltr'><strong>maximus</strong></span> <span class='ocrx_word' id='word_1_53' title='bbox 804 834 873 878; x_wconf 86' lang='lat' dir='ltr'><strong>est,</strong></span> <span class='ocrx_word' id='word_1_54' title='bbox 911 830 1089 880; x_wconf 82' lang='lat' dir='ltr'><strong>imprimis</strong></span> <span class='ocrx_word' id='word_1_55' title='bbox 1129 841 1267 877; x_wconf 86' lang='lat' dir='ltr'><strong>earum,</strong></span> <span class='ocrx_word' id='word_1_56' title='bbox 1307 841 1402 880; x_wconf 91' lang='lat' dir='ltr'><strong>quae</strong></span> <span class='ocrx_word' id='word_1_57' title='bbox 1442 829 1576 867; x_wconf 89' lang='lat' dir='ltr'><strong>collum</strong></span> 
     </span>
     <span class='ocr_line' id='line_1_10' title="bbox 90 901 1575 953; baseline 0.001 -14"><span class='ocrx_word' id='word_1_58' title='bbox 90 907 328 953; x_wconf 86' lang='lat' dir='ltr'><strong>componunt.</strong></span> <span class='ocrx_word' id='word_1_59' title='bbox 372 901 507 939; x_wconf 90' lang='lat' dir='ltr'><strong>Earum</strong></span> <span class='ocrx_word' id='word_1_60' title='bbox 530 903 624 939; x_wconf 90' lang='lat' dir='ltr'><strong>enim</strong></span> <span class='ocrx_word' id='word_1_61' title='bbox 647 902 842 940; x_wconf 87' lang='lat' dir='ltr'><strong>duodecim</strong></span> <span class='ocrx_word' id='word_1_62' title='bbox 863 903 999 951; x_wconf 92' lang='lat' dir='ltr'><strong>inveni,</strong></span> <span class='ocrx_word' id='word_1_63' title='bbox 1033 909 1160 941; x_wconf 88' lang='lat' dir='ltr'><strong>contra</strong></span> <span class='ocrx_word' id='word_1_64' title='bbox 1185 901 1384 940; x_wconf 80' lang='lat' dir='ltr'><strong>dorsalium</strong></span> <span class='ocrx_word' id='word_1_65' title='bbox 1416 909 1575 953; x_wconf 78' lang='lat' dir='ltr'><strong>septem,</strong></span> 
     </span>
     <span class='ocr_line' id='line_1_11' title="bbox 90 975 1575 1027; baseline 0.001 -14"><span class='ocrx_word' id='word_1_66' title='bbox 90 975 284 1013; x_wconf 87' lang='lat' dir='ltr'><strong>sacralium</strong></span> <span class='ocrx_word' id='word_1_67' title='bbox 315 987 461 1023; x_wconf 88' lang='lat' dir='ltr'><strong>novem,</strong></span> <span class='ocrx_word' id='word_1_68' title='bbox 499 987 774 1025; x_wconf 74' lang='lat' dir='ltr'><strong>coccygearum</strong></span> <span class='ocrx_word' id='word_1_69' title='bbox 813 988 881 1014; x_wconf 86' lang='lat' dir='ltr'><strong>sex</strong></span> <span class='ocrx_word' id='word_1_70' title='bbox 919 975 980 1014; x_wconf 91' lang='lat' dir='ltr'><strong>vel</strong></span> <span class='ocrx_word' id='word_1_71' title='bbox 1017 981 1175 1027; x_wconf 86' lang='lat' dir='ltr'><strong>septem.</strong></span> <span class='ocrx_word' id='word_1_72' title='bbox 1235 976 1286 1014; x_wconf 91' lang='lat' dir='ltr'><strong>Ita</strong></span> <span class='ocrx_word' id='word_1_73' title='bbox 1320 977 1438 1014; x_wconf 92' lang='lat' dir='ltr'><strong>omnis</strong></span> <span class='ocrx_word' id='word_1_74' title='bbox 1470 978 1575 1027; x_wconf 87' lang='lat' dir='ltr'><strong>spina</strong></span> 
     </span>
     <span class='ocr_line' id='line_1_12' title="bbox 90 1048 1574 1100; baseline 0.001 -14"><span class='ocrx_word' id='word_1_75' title='bbox 90 1048 247 1087; x_wconf 84' lang='lat' dir='ltr'><strong>dorsalis</strong></span> <span class='ocrx_word' id='word_1_76' title='bbox 279 1048 336 1086; x_wconf 93' lang='lat' dir='ltr'><strong>vel</strong></span> <span class='ocrx_word' id='word_1_77' title='bbox 368 1061 389 1086; x_wconf 92' lang='lat' dir='ltr'><strong>e</strong></span> <span class='ocrx_word' id='word_1_78' title='bbox 420 1050 547 1098; x_wconf 79' lang='lat' dir='ltr'><strong>viginti</strong></span> <span class='ocrx_word' id='word_1_79' title='bbox 579 1054 735 1100; x_wconf 90' lang='lat' dir='ltr'><strong>quatuor</strong></span> <span class='ocrx_word' id='word_1_80' title='bbox 760 1049 818 1087; x_wconf 90' lang='lat' dir='ltr'><strong>vel</strong></span> <span class='ocrx_word' id='word_1_81' title='bbox 843 1050 971 1099; x_wconf 85' lang='lat' dir='ltr'><strong>viginti</strong></span> <span class='ocrx_word' id='word_1_82' title='bbox 1002 1050 1163 1100; x_wconf 88' lang='lat' dir='ltr'><strong>quinque</strong></span> <span class='ocrx_word' id='word_1_83' title='bbox 1200 1049 1381 1088; x_wconf 89' lang='lat' dir='ltr'><strong>vertebris</strong></span> <span class='ocrx_word' id='word_1_84' title='bbox 1417 1056 1574 1088; x_wconf 88' lang='lat' dir='ltr'><strong>constat.</strong></span> 
     </span>
    </p>
   </div>
   <div class='ocr_carea' id='block_1_4' title="bbox 596 1168 1070 1207">
    <p class='ocr_par' dir='ltr' id='par_1_4' title="bbox 596 1168 1070 1207">
     <span class='ocr_line' id='line_1_13' title="bbox 596 1168 1070 1207; baseline 0.004 -2"><span class='ocrx_word' id='word_1_85' title='bbox 596 1169 634 1207; x_wconf 88' lang='lat'><strong>1.</strong></span> <span class='ocrx_word' id='word_1_86' title='bbox 660 1169 920 1207; x_wconf 81' lang='lat' dir='ltr'><strong>Vertebrae</strong></span> <span class='ocrx_word' id='word_1_87' title='bbox 945 1168 1070 1207; x_wconf 87' lang='lat' dir='ltr'><strong>colli.</strong></span> 
     </span>
    </p>
   </div>
   <div class='ocr_carea' id='block_1_5' title="bbox 88 1252 1575 1526">
    <p class='ocr_par' dir='ltr' id='par_1_5' title="bbox 88 1252 1575 1526">
     <span class='ocr_line' id='line_1_14' title="bbox 203 1252 1574 1304; baseline -0.001 -12"><span class='ocrx_word' id='word_1_88' title='bbox 203 1252 298 1292; x_wconf 91' lang='lat' dir='ltr'><strong>Colli</strong></span> <span class='ocrx_word' id='word_1_89' title='bbox 330 1253 523 1291; x_wconf 88' lang='lat' dir='ltr'><strong>vertebrae</strong></span> <span class='ocrx_word' id='word_1_90' title='bbox 555 1255 714 1292; x_wconf 85' lang='lat' dir='ltr'><strong>omnium</strong></span> <span class='ocrx_word' id='word_1_91' title='bbox 748 1255 906 1292; x_wconf 85' lang='lat' dir='ltr'><strong>maxime</strong></span> <span class='ocrx_word' id='word_1_92' title='bbox 937 1255 1030 1292; x_wconf 92' lang='lat' dir='ltr'><strong>inter</strong></span> <span class='ocrx_word' id='word_1_93' title='bbox 1061 1265 1101 1292; x_wconf 88' lang='lat' dir='ltr'><strong>se</strong></span> <span class='ocrx_word' id='word_1_94' title='bbox 1134 1253 1314 1301; x_wconf 82' lang='lat' dir='ltr'><strong>differunt,</strong></span> <span class='ocrx_word' id='word_1_95' title='bbox 1347 1265 1428 1291; x_wconf 89' lang='lat' dir='ltr'><strong>nam</strong></span> <span class='ocrx_word' id='word_1_96' title='bbox 1458 1265 1574 1304; x_wconf 89' lang='lat' dir='ltr'><strong>prae-</strong></span> 
     </span>
     <span class='ocr_line' id='line_1_15' title="bbox 89 1326 1575 1378; baseline 0 -13"><span class='ocrx_word' id='word_1_97' title='bbox 89 1334 145 1365; x_wconf 89' lang='lat' dir='ltr'><strong>ter</strong></span> <span class='ocrx_word' id='word_1_98' title='bbox 175 1326 347 1365; x_wconf 79' lang='lat' dir='ltr'><strong>atlantem</strong></span> <span class='ocrx_word' id='word_1_99' title='bbox 388 1333 424 1364; x_wconf 84' lang='lat' dir='ltr'><strong>et</strong></span> <span class='ocrx_word' id='word_1_100' title='bbox 463 1327 763 1378; x_wconf 83' lang='lat' dir='ltr'><strong>epistropheum,</strong></span> <span class='ocrx_word' id='word_1_101' title='bbox 811 1329 870 1378; x_wconf 90' lang='lat' dir='ltr'><strong>qui</strong></span> <span class='ocrx_word' id='word_1_102' title='bbox 911 1329 945 1365; x_wconf 90' lang='lat' dir='ltr'><strong>in</strong></span> <span class='ocrx_word' id='word_1_103' title='bbox 985 1326 1065 1365; x_wconf 90' lang='lat' dir='ltr'><strong>aliis</strong></span> <span class='ocrx_word' id='word_1_104' title='bbox 1096 1339 1245 1378; x_wconf 88' lang='lat' dir='ltr'><strong>quoque</strong></span> <span class='ocrx_word' id='word_1_105' title='bbox 1276 1326 1406 1365; x_wconf 88' lang='lat' dir='ltr'><strong>bestiis</strong></span> <span class='ocrx_word' id='word_1_106' title='bbox 1439 1327 1575 1366; x_wconf 87' lang='lat' dir='ltr'><strong>diversi</strong></span> 
     </span>
     <span class='ocr_line' id='line_1_16' title="bbox 88 1400 1574 1452; baseline -0.001 -13"><span class='ocrx_word' id='word_1_107' title='bbox 88 1407 183 1449; x_wconf 86' lang='lat' dir='ltr'><strong>sunt,</strong></span> <span class='ocrx_word' id='word_1_108' title='bbox 217 1413 289 1439; x_wconf 89' lang='lat' dir='ltr'><strong>non</strong></span> <span class='ocrx_word' id='word_1_109' title='bbox 321 1400 439 1439; x_wconf 89' lang='lat' dir='ltr'><strong>solum</strong></span> <span class='ocrx_word' id='word_1_110' title='bbox 473 1403 579 1439; x_wconf 86' lang='lat' dir='ltr'><strong>tertia</strong></span> <span class='ocrx_word' id='word_1_111' title='bbox 610 1407 646 1438; x_wconf 80' lang='lat' dir='ltr'><strong>et</strong></span> <span class='ocrx_word' id='word_1_112' title='bbox 677 1407 817 1452; x_wconf 85' lang='lat' dir='ltr'><strong>quarta,</strong></span> <span class='ocrx_word' id='word_1_113' title='bbox 851 1401 918 1439; x_wconf 89' lang='lat' dir='ltr'><strong>sed</strong></span> <span class='ocrx_word' id='word_1_114' title='bbox 950 1403 1060 1439; x_wconf 89' lang='lat' dir='ltr'><strong>etiam</strong></span> <span class='ocrx_word' id='word_1_115' title='bbox 1082 1400 1274 1438; x_wconf 83' lang='lat' dir='ltr'><strong>undecima</strong></span> <span class='ocrx_word' id='word_1_116' title='bbox 1298 1406 1334 1438; x_wconf 89' lang='lat' dir='ltr'><strong>et</strong></span> <span class='ocrx_word' id='word_1_117' title='bbox 1357 1400 1574 1439; x_wconf 86' lang='lat' dir='ltr'><strong>duodecima</strong></span> 
     </span>
     <span class='ocr_line' id='line_1_17' title="bbox 90 1474 821 1526; baseline 0.001 -15"><span class='ocrx_word' id='word_1_118' title='bbox 90 1475 260 1513; x_wconf 87' lang='lat' dir='ltr'><strong>vertebra</strong></span> <span class='ocrx_word' id='word_1_119' title='bbox 292 1476 441 1526; x_wconf 82' lang='lat' dir='ltr'><strong>propria</strong></span> <span class='ocrx_word' id='word_1_120' title='bbox 473 1474 591 1512; x_wconf 86' lang='lat' dir='ltr'><strong>forma</strong></span> <span class='ocrx_word' id='word_1_121' title='bbox 623 1474 821 1512; x_wconf 89' lang='lat' dir='ltr'><strong>excellunt.</strong></span> 
     </span>
    </p>
   </div>
   <div class='ocr_carea' id='block_1_6' title="bbox 86 1558 1576 2568">
    <p class='ocr_par' dir='ltr' id='par_1_6' title="bbox 86 1558 1576 2568">
     <span class='ocr_line' id='line_1_18' title="bbox 200 1558 1574 1598; baseline -0.001 -1"><span class='ocrx_word' id='word_1_122' title='bbox 200 1571 234 1597; x_wconf 88' lang='lat' dir='ltr'><strong>a.</strong></span> <span class='ocrx_word' id='word_1_123' title='bbox 281 1558 417 1598; x_wconf 85' lang='lat' dir='ltr'><strong>Atlas</strong></span> <span class='ocrx_word' id='word_1_124' title='bbox 456 1560 615 1597; x_wconf 89' lang='lat' dir='ltr'><strong>omnium</strong></span> <span class='ocrx_word' id='word_1_125' title='bbox 656 1558 908 1597; x_wconf 85' lang='lat' dir='ltr'><strong>vertebrarum</strong></span> <span class='ocrx_word' id='word_1_126' title='bbox 949 1559 1096 1596; x_wconf 87' lang='lat' dir='ltr'><strong>minima</strong></span> <span class='ocrx_word' id='word_1_127' title='bbox 1135 1564 1203 1596; x_wconf 89' lang='lat' dir='ltr'><strong>est.</strong></span> <span class='ocrx_word' id='word_1_128' title='bbox 1280 1559 1453 1597; x_wconf 78' lang='lat' dir='ltr'><strong>Antei-ior</strong></span> <span class='ocrx_word' id='word_1_129' title='bbox 1497 1561 1574 1597; x_wconf 87' lang='lat' dir='ltr'><strong>eius</strong></span> 
     </span>
     <span class='ocr_line' id='line_1_19' title="bbox 88 1629 1574 1684; baseline -0.001 -13"><span class='ocrx_word' id='word_1_130' title='bbox 88 1646 173 1684; x_wconf 87' lang='lat' dir='ltr'><strong>pars</strong></span> <span class='ocrx_word' id='word_1_131' title='bbox 215 1646 386 1684; x_wconf 68' lang='lat' dir='ltr'><strong>corpzw,</strong></span> <span class='ocrx_word' id='word_1_132' title='bbox 426 1634 613 1684; x_wconf 79' lang='lat' dir='ltr'><strong>posterior</strong></span> <span class='ocrx_word' id='word_1_133' title='bbox 651 1646 771 1670; x_wconf 76' lang='lat' dir='ltr'><strong>arcus</strong></span> <span class='ocrx_word' id='word_1_134' title='bbox 811 1638 977 1670; x_wconf 88' lang='lat' dir='ltr'><strong>vocatur.</strong></span> <span class='ocrx_word' id='word_1_135' title='bbox 1049 1629 1212 1682; x_wconf 79' lang='lat' dir='ltr'><strong>Corpus</strong></span> <span class='ocrx_word' id='word_1_136' title='bbox 1251 1632 1448 1670; x_wconf 87' lang='lat' dir='ltr'><strong>admodum</strong></span> <span class='ocrx_word' id='word_1_137' title='bbox 1488 1634 1574 1670; x_wconf 87' lang='lat' dir='ltr'><strong>exi-</strong></span> 
     </span>
     <span class='ocr_line' id='line_1_20' title="bbox 88 1705 1576 1757; baseline -0.002 -12"><span class='ocrx_word' id='word_1_138' title='bbox 88 1720 198 1757; x_wconf 87' lang='lat' dir='ltr'><strong>guum</strong></span> <span class='ocrx_word' id='word_1_139' title='bbox 231 1709 377 1745; x_wconf 77' lang='lat' dir='ltr'><strong>constat</strong></span> <span class='ocrx_word' id='word_1_140' title='bbox 407 1712 542 1745; x_wconf 88' lang='lat' dir='ltr'><strong>tantum</strong></span> <span class='ocrx_word' id='word_1_141' title='bbox 575 1719 595 1745; x_wconf 90' lang='lat' dir='ltr'><strong>e</strong></span> <span class='ocrx_word' id='word_1_142' title='bbox 627 1705 827 1757; x_wconf 71' lang='lat' dir='ltr'><strong>capitulo,</strong></span> <span class='ocrx_word' id='word_1_143' title='bbox 860 1706 960 1757; x_wconf 86' lang='lat' dir='ltr'><strong>quod</strong></span> <span class='ocrx_word' id='word_1_144' title='bbox 990 1718 1100 1757; x_wconf 89' lang='lat' dir='ltr'><strong>supra</strong></span> <span class='ocrx_word' id='word_1_145' title='bbox 1132 1705 1288 1757; x_wconf 87' lang='lat' dir='ltr'><strong>praebet</strong></span> <span class='ocrx_word' id='word_1_146' title='bbox 1305 1707 1461 1757; x_wconf 81' lang='lat' dir='ltr'><strong>fossam</strong></span> <span class='ocrx_word' id='word_1_147' title='bbox 1484 1717 1576 1743; x_wconf 75' lang='lat' dir='ltr'><strong>con·</strong></span> 
     </span>
     <span class='ocr_line' id='line_1_21' title="bbox 90 1779 1574 1833; baseline -0.001 -15"><span class='ocrx_word' id='word_1_148' title='bbox 90 1779 317 1833; x_wconf 62' lang='lat' dir='ltr'><strong>clyloz&#39;deam</strong></span> <span class='ocrx_word' id='word_1_149' title='bbox 350 1781 544 1832; x_wconf 88' lang='lat' dir='ltr'><strong>processui</strong></span> <span class='ocrx_word' id='word_1_150' title='bbox 577 1780 826 1830; x_wconf 77' lang='lat' dir='ltr'><strong>condyloideo</strong></span> <span class='ocrx_word' id='word_1_151' title='bbox 859 1781 957 1818; x_wconf 90' lang='lat' dir='ltr'><strong>ossis</strong></span> <span class='ocrx_word' id='word_1_152' title='bbox 989 1781 1174 1830; x_wconf 90' lang='lat' dir='ltr'><strong>occipitis.</strong></span> <span class='ocrx_word' id='word_1_153' title='bbox 1226 1779 1265 1817; x_wconf 91' lang='lat' dir='ltr'><strong>In</strong></span> <span class='ocrx_word' id='word_1_154' title='bbox 1296 1779 1471 1817; x_wconf 87' lang='lat' dir='ltr'><strong>inferiore</strong></span> <span class='ocrx_word' id='word_1_155' title='bbox 1504 1791 1574 1817; x_wconf 90' lang='lat' dir='ltr'><strong>ea·-</strong></span> 
     </span>
     <span class='ocr_line' id='line_1_22' title="bbox 88 1851 1575 1905; baseline -0.001 -13"><span class='ocrx_word' id='word_1_156' title='bbox 88 1867 160 1905; x_wconf 88' lang='lat' dir='ltr'><strong>que</strong></span> <span class='ocrx_word' id='word_1_157' title='bbox 206 1856 345 1892; x_wconf 90' lang='lat' dir='ltr'><strong>interna</strong></span> <span class='ocrx_word' id='word_1_158' title='bbox 395 1855 565 1905; x_wconf 88' lang='lat' dir='ltr'><strong>corporis</strong></span> <span class='ocrx_word' id='word_1_159' title='bbox 611 1860 715 1905; x_wconf 87' lang='lat' dir='ltr'><strong>parte</strong></span> <span class='ocrx_word' id='word_1_160' title='bbox 761 1853 875 1892; x_wconf 87' lang='lat' dir='ltr'><strong>altera</strong></span> <span class='ocrx_word' id='word_1_161' title='bbox 919 1855 1039 1904; x_wconf 83' lang='lat' dir='ltr'><strong>fossa</strong></span> <span class='ocrx_word' id='word_1_162' title='bbox 1085 1851 1358 1905; x_wconf 69' lang='lat' dir='ltr'><strong>condyloe&#39;dea</strong></span> <span class='ocrx_word' id='word_1_163' title='bbox 1407 1859 1464 1890; x_wconf 90' lang='lat' dir='ltr'><strong>est</strong></span> <span class='ocrx_word' id='word_1_164' title='bbox 1508 1865 1575 1904; x_wconf 88' lang='lat' dir='ltr'><strong>pro</strong></span> 
     </span>
     <span class='ocr_line' id='line_1_23' title="bbox 87 1926 1575 1978; baseline -0.001 -13"><span class='ocrx_word' id='word_1_165' title='bbox 87 1928 337 1966; x_wconf 68' lang='lat' dir='ltr'><strong>orlontoideo</strong></span> <span class='ocrx_word' id='word_1_166' title='bbox 369 1926 620 1978; x_wconf 74' lang='lat' dir='ltr'><strong>epistroplwc&#39;</strong></span> <span class='ocrx_word' id='word_1_167' title='bbox 644 1940 854 1978; x_wconf 76' lang='lat' dir='ltr'><strong>processu.</strong></span> <span class='ocrx_word' id='word_1_168' title='bbox 929 1927 1073 1965; x_wconf 88' lang='lat' dir='ltr'><strong>Ambae</strong></span> <span class='ocrx_word' id='word_1_169' title='bbox 1111 1926 1237 1964; x_wconf 80' lang='lat' dir='ltr'><strong>fossae</strong></span> <span class='ocrx_word' id='word_1_170' title='bbox 1269 1937 1384 1977; x_wconf 86' lang='lat' dir='ltr'><strong>parvo</strong></span> <span class='ocrx_word' id='word_1_171' title='bbox 1416 1926 1575 1976; x_wconf 85' lang='lat' dir='ltr'><strong>quodam</strong></span> 
     </span>
     <span class='ocr_line' id='line_1_24' title="bbox 88 1998 1576 2050; baseline -0.003 -10"><span class='ocrx_word' id='word_1_172' title='bbox 88 2002 268 2040; x_wconf 83' lang='lat' dir='ltr'><strong>foramine</strong></span> <span class='ocrx_word' id='word_1_173' title='bbox 299 2002 392 2039; x_wconf 89' lang='lat' dir='ltr'><strong>inter</strong></span> <span class='ocrx_word' id='word_1_174' title='bbox 422 2014 463 2039; x_wconf 88' lang='lat' dir='ltr'><strong>se</strong></span> <span class='ocrx_word' id='word_1_175' title='bbox 496 2002 717 2038; x_wconf 85' lang='lat' dir='ltr'><strong>coniunctae</strong></span> <span class='ocrx_word' id='word_1_176' title='bbox 748 2007 843 2038; x_wconf 85' lang='lat' dir='ltr'><strong>sunt.</strong></span> <span class='ocrx_word' id='word_1_177' title='bbox 904 2000 993 2038; x_wconf 91' lang='lat' dir='ltr'><strong>Pars</strong></span> <span class='ocrx_word' id='word_1_178' title='bbox 1023 2000 1177 2038; x_wconf 86' lang='lat' dir='ltr'><strong>inferior</strong></span> <span class='ocrx_word' id='word_1_179' title='bbox 1207 2001 1377 2050; x_wconf 88' lang='lat' dir='ltr'><strong>corporis</strong></span> <span class='ocrx_word' id='word_1_180' title='bbox 1407 1998 1514 2050; x_wconf 86' lang='lat' dir='ltr'><strong>plana</strong></span> <span class='ocrx_word' id='word_1_181' title='bbox 1541 2005 1576 2036; x_wconf 88' lang='lat' dir='ltr'><strong>et</strong></span> 
     </span>
     <span class='ocr_line' id='line_1_25' title="bbox 87 2073 1575 2126; baseline -0.002 -13"><span class='ocrx_word' id='word_1_182' title='bbox 87 2087 233 2126; x_wconf 87' lang='lat' dir='ltr'><strong>aspera,</strong></span> <span class='ocrx_word' id='word_1_183' title='bbox 264 2074 465 2124; x_wconf 81' lang='lat' dir='ltr'><strong>ligamento</strong></span> <span class='ocrx_word' id='word_1_184' title='bbox 496 2074 790 2112; x_wconf 88' lang='lat' dir='ltr'><strong>intervertebrali</strong></span> <span class='ocrx_word' id='word_1_185' title='bbox 823 2075 1056 2112; x_wconf 87' lang='lat' dir='ltr'><strong>connectitur</strong></span> <span class='ocrx_word' id='word_1_186' title='bbox 1079 2085 1158 2111; x_wconf 87' lang='lat' dir='ltr'><strong>cum</strong></span> <span class='ocrx_word' id='word_1_187' title='bbox 1181 2073 1433 2124; x_wconf 86' lang='lat' dir='ltr'><strong>epistropbeo.</strong></span> <span class='ocrx_word' id='word_1_188' title='bbox 1479 2073 1575 2110; x_wconf 87' lang='lat' dir='ltr'><strong>Ante</strong></span> 
     </span>
     <span class='ocr_line' id='line_1_26' title="bbox 88 2146 1574 2200; baseline -0.003 -13"><span class='ocrx_word' id='word_1_189' title='bbox 88 2161 168 2187; x_wconf 89' lang='lat' dir='ltr'><strong>eam</strong></span> <span class='ocrx_word' id='word_1_190' title='bbox 199 2154 340 2200; x_wconf 87' lang='lat' dir='ltr'><strong>partem</strong></span> <span class='ocrx_word' id='word_1_191' title='bbox 372 2154 408 2186; x_wconf 86' lang='lat' dir='ltr'><strong>et</strong></span> <span class='ocrx_word' id='word_1_192' title='bbox 439 2147 585 2199; x_wconf 89' lang='lat' dir='ltr'><strong>quidem</strong></span> <span class='ocrx_word' id='word_1_193' title='bbox 624 2147 878 2199; x_wconf 84' lang='lat' dir='ltr'><strong>perpendiculi</strong></span> <span class='ocrx_word' id='word_1_194' title='bbox 918 2148 1061 2186; x_wconf 88' lang='lat' dir='ltr'><strong>ratione</strong></span> <span class='ocrx_word' id='word_1_195' title='bbox 1100 2148 1133 2184; x_wconf 94' lang='lat' dir='ltr'><strong>ei</strong></span> <span class='ocrx_word' id='word_1_196' title='bbox 1170 2146 1388 2184; x_wconf 88' lang='lat' dir='ltr'><strong>insidentem</strong></span> <span class='ocrx_word' id='word_1_197' title='bbox 1430 2147 1574 2197; x_wconf 88' lang='lat' dir='ltr'><strong>aspici—</strong></span> 
     </span>
     <span class='ocr_line' id='line_1_27' title="bbox 88 2219 1574 2272; baseline -0.002 -12"><span class='ocrx_word' id='word_1_198' title='bbox 88 2235 167 2261; x_wconf 89' lang='lat' dir='ltr'><strong>mus</strong></span> <span class='ocrx_word' id='word_1_199' title='bbox 200 2222 390 2260; x_wconf 75' lang='lat' dir='ltr'><strong>laminam</strong></span> <span class='ocrx_word' id='word_1_200' title='bbox 428 2221 607 2272; x_wconf 86' lang='lat' dir='ltr'><strong>quandam</strong></span> <span class='ocrx_word' id='word_1_201' title='bbox 647 2234 801 2258; x_wconf 81' lang='lat' dir='ltr'><strong>osseam</strong></span> <span class='ocrx_word' id='word_1_202' title='bbox 843 2221 1072 2272; x_wconf 86' lang='lat' dir='ltr'><strong>quadratam,</strong></span> <span class='ocrx_word' id='word_1_203' title='bbox 1112 2231 1221 2271; x_wconf 86' lang='lat' dir='ltr'><strong>quae,</strong></span> <span class='ocrx_word' id='word_1_204' title='bbox 1262 2219 1461 2269; x_wconf 81' lang='lat' dir='ltr'><strong>ligamento</strong></span> <span class='ocrx_word' id='word_1_205' title='bbox 1493 2231 1574 2257; x_wconf 87' lang='lat' dir='ltr'><strong>cum</strong></span> 
     </span>
     <span class='ocr_line' id='line_1_28' title="bbox 86 2292 1574 2347; baseline -0.002 -14"><span class='ocrx_word' id='word_1_206' title='bbox 86 2296 328 2347; x_wconf 89' lang='lat' dir='ltr'><strong>epistropheo</strong></span> <span class='ocrx_word' id='word_1_207' title='bbox 362 2296 571 2342; x_wconf 88' lang='lat' dir='ltr'><strong>coniuncta,</strong></span> <span class='ocrx_word' id='word_1_208' title='bbox 613 2307 694 2333; x_wconf 91' lang='lat' dir='ltr'><strong>cum</strong></span> <span class='ocrx_word' id='word_1_209' title='bbox 733 2294 974 2346; x_wconf 86' lang='lat' dir='ltr'><strong>processibus</strong></span> <span class='ocrx_word' id='word_1_210' title='bbox 1014 2295 1175 2345; x_wconf 89' lang='lat' dir='ltr'><strong>spinosis</strong></span> <span class='ocrx_word' id='word_1_211' title='bbox 1207 2292 1451 2330; x_wconf 87' lang='lat' dir='ltr'><strong>anterioribus</strong></span> <span class='ocrx_word' id='word_1_212' title='bbox 1477 2305 1574 2345; x_wconf 25' lang='lat' dir='ltr'><strong>‘ver-</strong></span> 
     </span>
     <span class='ocr_line' id='line_1_29' title="bbox 86 2366 1575 2419; baseline -0.003 -11"><span class='ocrx_word' id='word_1_213' title='bbox 86 2369 271 2408; x_wconf 87' lang='lat' dir='ltr'><strong>tebrarum</strong></span> <span class='ocrx_word' id='word_1_214' title='bbox 298 2370 566 2419; x_wconf 88' lang='lat' dir='ltr'><strong>insequentium</strong></span> <span class='ocrx_word' id='word_1_215' title='bbox 593 2369 800 2419; x_wconf 85' lang='lat' dir='ltr'><strong>comparari</strong></span> <span class='ocrx_word' id='word_1_216' title='bbox 817 2374 954 2419; x_wconf 85' lang='lat' dir='ltr'><strong>potest.</strong></span> <span class='ocrx_word' id='word_1_217' title='bbox 999 2367 1039 2406; x_wconf 92' lang='lat' dir='ltr'><strong>In</strong></span> <span class='ocrx_word' id='word_1_218' title='bbox 1070 2373 1228 2417; x_wconf 85' lang='lat' dir='ltr'><strong>utroque</strong></span> <span class='ocrx_word' id='word_1_219' title='bbox 1260 2367 1428 2417; x_wconf 86' lang='lat' dir='ltr'><strong>corporis</strong></span> <span class='ocrx_word' id='word_1_220' title='bbox 1460 2366 1575 2404; x_wconf 78' lang='lat' dir='ltr'><strong>latere</strong></span> 
     </span>
     <span class='ocr_line' id='line_1_30' title="bbox 87 2439 1574 2493; baseline -0.003 -12"><span class='ocrx_word' id='word_1_221' title='bbox 87 2443 158 2481; x_wconf 90' lang='lat' dir='ltr'><strong>duo</strong></span> <span class='ocrx_word' id='word_1_222' title='bbox 178 2443 350 2493; x_wconf 86' lang='lat' dir='ltr'><strong>perparvi</strong></span> <span class='ocrx_word' id='word_1_223' title='bbox 365 2453 569 2492; x_wconf 89' lang='lat' dir='ltr'><strong>processus</strong></span> <span class='ocrx_word' id='word_1_224' title='bbox 585 2448 680 2490; x_wconf 90' lang='lat' dir='ltr'><strong>sunt,</strong></span> <span class='ocrx_word' id='word_1_225' title='bbox 710 2443 769 2492; x_wconf 88' lang='lat' dir='ltr'><strong>qui</strong></span> <span class='ocrx_word' id='word_1_226' title='bbox 796 2454 877 2479; x_wconf 91' lang='lat' dir='ltr'><strong>cum</strong></span> <span class='ocrx_word' id='word_1_227' title='bbox 896 2453 984 2479; x_wconf 90' lang='lat' dir='ltr'><strong>arcu</strong></span> <span class='ocrx_word' id='word_1_228' title='bbox 1006 2441 1271 2479; x_wconf 87' lang='lat' dir='ltr'><strong>convenientes</strong></span> <span class='ocrx_word' id='word_1_229' title='bbox 1292 2439 1483 2478; x_wconf 84' lang='lat' dir='ltr'><strong>tubercula</strong></span> <span class='ocrx_word' id='word_1_230' title='bbox 1502 2440 1574 2477; x_wconf 89' lang='lat' dir='ltr'><strong>duo</strong></span> 
     </span>
     <span class='ocr_line' id='line_1_31' title="bbox 86 2513 1574 2568; baseline -0.003 -14"><span class='ocrx_word' id='word_1_231' title='bbox 86 2516 266 2568; x_wconf 85' lang='lat' dir='ltr'><strong>praebent</strong></span> <span class='ocrx_word' id='word_1_232' title='bbox 291 2527 409 2566; x_wconf 85' lang='lat' dir='ltr'><strong>eaque</strong></span> <span class='ocrx_word' id='word_1_233' title='bbox 439 2515 569 2553; x_wconf 90' lang='lat' dir='ltr'><strong>similia</strong></span> <span class='ocrx_word' id='word_1_234' title='bbox 604 2515 847 2566; x_wconf 88' lang='lat' dir='ltr'><strong>processibus</strong></span> <span class='ocrx_word' id='word_1_235' title='bbox 875 2515 1098 2554; x_wconf 89' lang='lat' dir='ltr'><strong>transversis</strong></span> <span class='ocrx_word' id='word_1_236' title='bbox 1129 2513 1279 2552; x_wconf 89' lang='lat' dir='ltr'><strong>aliarum</strong></span> <span class='ocrx_word' id='word_1_237' title='bbox 1311 2513 1574 2552; x_wconf 87' lang='lat' dir='ltr'><strong>vertebrarum.</strong></span> 
     </span>
    </p>
   </div>
   <div class='ocr_carea' id='block_1_7' title="bbox 169 2749 1512 2790">
    <p class='ocr_par' dir='ltr' id='par_1_7' title="bbox 169 2749 1512 2790">
     <span class='ocr_line' id='line_1_32' title="bbox 169 2749 1512 2790; baseline -0.001 -8"><span class='ocrx_word' id='word_1_238' title='bbox 169 2751 195 2789; x_wconf 84' lang='lat'><strong>&#39;)</strong></span> <span class='ocrx_word' id='word_1_239' title='bbox 222 2750 257 2782; x_wconf 87' lang='lat' dir='ltr'><strong>ln</strong></span> <span class='ocrx_word' id='word_1_240' title='bbox 286 2750 418 2783; x_wconf 76' lang='lat' dir='ltr'><strong>falcone</strong></span> <span class='ocrx_word' id='word_1_241' title='bbox 444 2751 519 2782; x_wconf 90' lang='lat' dir='ltr'><strong>niso</strong></span> <span class='ocrx_word' id='word_1_242' title='bbox 547 2760 657 2782; x_wconf 81' lang='lat' dir='ltr'><strong>veram</strong></span> <span class='ocrx_word' id='word_1_243' title='bbox 688 2751 875 2783; x_wconf 79' lang='lat' dir='ltr'><strong>vertebram</strong></span> <span class='ocrx_word' id='word_1_244' title='bbox 916 2751 1081 2786; x_wconf 80' lang='lat' dir='ltr'><strong>umbalem</strong></span> <span class='ocrx_word' id='word_1_245' title='bbox 1108 2749 1267 2790; x_wconf 85' lang='lat' dir='ltr'><strong>inveniri,</strong></span> <span class='ocrx_word' id='word_1_246' title='bbox 1294 2755 1420 2781; x_wconf 77' lang='lat' dir='ltr'><strong>certum</strong></span> <span class='ocrx_word' id='word_1_247' title='bbox 1454 2755 1512 2781; x_wconf 82' lang='lat' dir='ltr'><strong>est.</strong></span> 
     </span>
    </p>
   </div>
   <div class='ocr_carea' id='block_1_8' title="bbox 1255 2811 1306 2850">
    <p class='ocr_par' dir='ltr' id='par_1_8' title="bbox 1255 2811 1306 2850">
     <span class='ocr_line' id='line_1_33' title="bbox 1255 2811 1306 2850; baseline 0 -25"><span class='ocrx_word' id='word_1_248' title='bbox 1255 2811 1306 2850; x_wconf 64' lang='lat'><strong>3„</strong></span> 
     </span>
    </p>
   </div>
  </div>
 </body>
</html>
