1752 2927
833 89 892 134 31

120 220 202 258 illae
233 221 269 258 in
308 219 489 258 vertebris
528 219 769 271 sequentibus
808 220 853 258 ad
893 221 1104 271 posteriora
1144 226 1181 259 et
1219 220 1407 269 inferiora,
1452 220 1521 258 hae
1560 220 1605 257 ad

120 293 292 332 inferiora
324 300 361 332 et
392 294 577 331 exteriora
609 300 790 345 spectant.

232 368 266 405 d.
315 367 485 418 Quinque
516 367 783 416 vertebrarum,
816 379 910 418 quae
949 373 1150 418 sequuntur
1187 373 1224 405 et
1261 367 1412 405 eandem
1457 367 1602 404 forma-

117 442 255 479 tionem
292 441 491 492 praebent,
540 446 615 479 tres
656 443 869 493 superiores
917 440 1062 478 duobus
1101 440 1335 478 inferioribus
1375 440 1604 490 longitudine

116 520 315 566 praestant.
380 515 523 562 Quibus
555 517 589 553 in
622 515 791 553 omnibus
822 527 889 566 pro
921 515 1107 552 anteriore
1138 526 1322 565 processu
1354 517 1507 565 spinoso
1531 514 1603 551 bini

116 591 276 627 minores
314 601 515 640 processus
555 590 805 639 reperiuntur,
854 589 915 639 qui
954 600 1021 639 pro
1060 589 1230 637 vestigiis
1270 600 1396 625 eorum
1446 587 1604 625 habendi

117 669 209 701 sunt.
273 663 371 701 luter
402 675 468 701 eos
501 669 557 700 est
588 662 727 711 sulcus,
759 664 795 700 in
827 674 900 713 quo
934 663 1001 699 sita
1033 667 1091 699 est
1121 663 1254 699 arteria
1294 663 1443 699 caretis.
1501 660 1604 698 Pro-

116 750 249 775 ecssas
279 749 428 788 quoque
460 737 620 787 spinosi
643 737 893 787 posteriores
913 738 1016 786 parvi
1038 741 1074 773 et
1105 737 1229 785 exigui
1261 741 1450 786 apparent.
1501 733 1604 771 Pro-

116 823 247 848 cessus
277 809 434 862 obliqui
464 811 682 862 inferiores
713 816 794 848 sunt
824 810 1008 861 perlongi,
1041 811 1088 847 ita
1121 815 1158 847 ut
1189 811 1345 860 spatium
1378 808 1602 858 triangulare

115 892 151 923 et
189 891 353 935 apertum
394 886 486 922 inter
524 897 592 922 eos
631 884 971 935 remaneat‚'quod
1011 883 1210 933 ligamento
1252 883 1497 921 concluditur.
1546 883 1602 920 De

115 960 183 996 situ
216 959 426 1009 superficiei
456 958 660 996 articularis
692 959 880 1008 utriusque
910 970 1113 1008 processus
1146 957 1285 1007 obliqui
1317 958 1386 994 iam
1419 956 1602 994 disserui-

116 1045 206 1069 mus.
282 1032 376 1069 lni'ra
417 1044 601 1082 quemque
639 1043 859 1082 processum
899 1030 1092 1081 obliquum
1133 1031 1345 1068 inferiorem
1395 1041 1506 1080 parva
1546 1034 1604 1067 est

114 1108 285 1152 incisura,
319 1118 414 1155 quae
447 1118 528 1143 cum
563 1106 726 1154 margine
758 1106 951 1155 superiore
983 1104 1178 1142 vertebrae
1211 1104 1402 1154 sequentis
1435 1103 1602 1140 foramen

114 1181 261 1227 format,
294 1192 361 1230 per
391 1179 488 1229 quod
523 1180 624 1216 nervi
656 1178 863 1216 cervicales
895 1179 1113 1229 procedunt.

228 1267 260 1290 c.
308 1253 524 1291 Postremae
558 1259 631 1290 tres
663 1252 860 1290 vertebrae
892 1251 977 1289 colli
1009 1252 1148 1289 similes
1180 1257 1263 1289 sunt
1294 1257 1331 1288 et
1363 1252 1441 1288 eius
1472 1251 1603 1287 tertiae

112 1339 157 1364 ac
189 1333 340 1377 quartae
372 1332 408 1364 et
440 1327 539 1364 dorsi
572 1326 766 1364 vertebris,
830 1326 898 1363 Pro
929 1324 1043 1363 sulco
1076 1326 1259 1362 corotico
1290 1326 1418 1362 iterum
1443 1324 1604 1360 cernitur

111 1413 330 1451 processus
359 1401 550 1450 spinosus
579 1400 778 1442 «interior,
811 1399 854 1437 ad
887 1400 1070 1436 anteriora
1103 1399 1220 1447 magis
1253 1409 1472 1444 conversus,
1519 1396 1601 1433 (luni

113 1478 146 1512 in
185 1476 367 1525 supremis
412 1474 592 1511 vertebris
631 1473 676 1511 ad
714 1473 889 1511 inferiora
927 1479 1085 1523 spectat.
1151 1470 1322 1509 (Ianalis
1363 1468 1603 1508 verlohr-alis

112 1550 238 1599 incipit
268 1550 302 1585 in
333 1547 508 1585 vei-melna
539 1546 731 1585 undecima
772 1552 808 1584 et
847 1546 931 1583 inde
972 1551 1074 1596 patet
1111 1558 1229 1596 usque
1270 1544 1315 1582 ad
1347 1545 1502 1581 tertiam.
1564 1543 1602 1580 ln

113 1622 332 1660 duodecima
362 1621 534 1659 vertebra
573 1622 644 1659 iam
672 1633 891 1671 processus
922 1624 1156 1658 trorzversus
1188 1618 1295 1657 nobis
1327 1618 1500 1665 occurrit,
1524 1617 1599 1667 qui,

112 1697 161 1734 uti
200 1697 233 1734 in
271 1696 371 1734 dorsi
412 1708 560 1746 quoque
592 1694 796 1742 vertebris,
835 1706 921 1744 pars
962 1698 1098 1731 tantum
1140 1698 1197 1730 est
1228 1703 1432 1743 processus
1464 1690 1603 1740 obliqui

114 1770 332 1821 superioris
397 1769 617 1806 Procas-ms
648 1780 798 1819 quoque
836 1767 996 1818 ,spinosi
1026 1767 1278 1817 posteriores
1309 1766 1469 1803 maiores
1502 1764 1601 1809 fiunt,

112 1850 269 1895 excepta
301 1844 398 1895 pica,
431 1844 465 1880 in
497 1855 566 1893 qua
599 1848 746 1880 manent
777 1842 914 1889 exigui.

225 1917 328 1955 Haec
359 1917 557 1966 ligamenta
591 1916 676 1954 colli
709 1914 902 1953 vertebras
934 1915 1092 1951 invicem
1125 1915 1294 1963 iungunt:

225 2021 258 2047 a.
305 2007 427 2059 Ll'w·
460 2007 642 2058 spinalia
674 2009 851 2045 intersunt
881 2007 976 2043 inter
1006 2005 1114 2042 binos
1146 2016 1350 2055 processus
1382 2004 1571 2053 spinosos.

224 2083 260 2121 b.
307 2080 429 2133 Lz‘yy.
463 2080 703 2132 copsuloria
734 2091 919 2131 quemque
950 2090 1170 2129 processum
1202 2077 1390 2127 obliquum
1422 2077 1601 2127 superio-

111 2170 187 2195 rem
221 2169 302 2194 cum
335 2155 511 2193 inferiore
541 2154 804 2206 praecedentis
835 2152 1032 2190 vertebrae
1063 2153 1308 2200 coniungunt.

225 2243 257 2269 c.
307 2229 429 2281 Lz'yy.
462 2227 817 2268 intervertebralia
839 2229 932 2265 inter
954 2238 1113 2277 corpora
1135 2225 1387 2263 vertebrarum
1410 2225 1599 2262 intersunt.

451 2350 501 2389 2.
538 2349 799 2388 vertebrae
823 2347 951 2386 dorsi
976 2359 1014 2385 s.
1041 2347 1262 2385 thoracis.

224 2435 331 2486 Apud
365 2447 500 2472 corvos
533 2441 619 2473 octo
652 2435 885 2485 reperiuntur
915 2431 1112 2470 vertebrae
1143 2432 1257 2479 dorsi,
1297 2436 1418 2468 tamen
1457 2430 1492 2467 in
1524 2440 1598 2465 co-

111 2522 202 2547 rone
242 2515 384 2559 septem
425 2514 561 2546 tantum
600 2509 735 2556 inveni,
773 2506 870 2557 quod
912 2518 958 2543 eo
990 2507 1109 2555 magis
1143 2504 1344 2542 mirandum
1375 2508 1444 2550 est,
1491 2514 1599 2552 quum

112 2582 281 2621 omnibus
313 2583 347 2619 in
380 2583 539 2619 caeteris
572 2581 734 2632 partibus
765 2592 906 2618 corone
937 2580 1079 2616 cornici
1110 2578 1290 2616 simillima
1331 2578 1388 2614 sit.
1458 2576 1600 2613 Forsan

114 2659 151 2695 in
182 2655 325 2694 sceleto
358 2666 520 2693 corones
559 2667 579 2692 a
619 2667 678 2692 me
716 2654 940 2692 observatae
971 2652 1153 2703 quaedam
1185 2657 1242 2689 est
1272 2649 1476 2696 anomalia,
1516 2659 1596 2685 nam

113 2730 183 2768 (luo
215 2735 408 2781 praeterea
440 2730 561 2767 inveni
593 2727 777 2779 superflua
809 2738 897 2765 ossa
929 2725 1228 2773 sternocostalia‚
1252 2736 1404 2776 quorum
1427 2733 1600 2760 numerus
