1752 2927
778 97 838 140 41

500 294 773 351 SEOTIO
820 293 1122 350 TERTIA.

577 433 689 485 Ossa
726 431 1049 484 extremitatum.

443 552 494 592 A.
567 548 884 592 Extremitates
926 546 1192 603 superiores.

188 639 453 677 Extremitates
484 639 697 688 superiores
729 642 900 675 constant
929 635 1025 686 apud
1058 646 1195 673 corvos
1219 646 1240 671 e
1261 634 1389 683 viginti
1411 639 1552 684 septem

79 712 241 760 ossibus,
273 724 408 762 nempe
439 724 486 748 ex
517 710 665 749 ossibus
696 711 850 757 humeri,
883 709 1037 757 brachii,
1069 707 1284 747 antibrachii
1316 713 1352 745 et
1383 708 1497 757 carpi.

795 831 827 872 Ι.

672 909 771 952 ossa
800 907 961 951 humeri.

193 1015 296 1053 Haec
327 1021 497 1053 coustant
527 1027 547 1053 c
579 1014 721 1053 duabus
752 1013 938 1065 scapulis,
970 1012 1114 1051 duobus
1145 1011 1292 1051 ossibus
1324 1010 1558 1050 coracoideis

81 1095 117 1126 et
147 1088 300 1137 furcula,
332 1100 427 1139 quae
457 1088 502 1126 ad
534 1100 620 1126 ossa
652 1087 833 1125 accedunt
862 1085 1267 1137 liumero—capsularia.

663 1185 701 1223 1.
751 1183 968 1232 Scapula.

192 1257 353 1309 Scapula
392 1263 449 1295 est
487 1268 530 1295 os
570 1256 720 1306 longum
759 1263 797 1294 et
833 1255 959 1306 gladio
998 1260 1149 1293 curvato
1180 1253 1420 1302 simillimum,
1460 1252 1559 1303 quod

80 1338 164 1370 ante
202 1337 238 1370 et
275 1343 384 1382 supra
420 1330 530 1368 valde
568 1331 820 1368 intumescens
860 1341 941 1366 cum
973 1327 1113 1366 furcula
1145 1333 1182 1366 et
1211 1339 1300 1365 osse
1331 1325 1558 1365 coracoideo

82 1406 268 1443 convenit.
333 1403 421 1442 Inde
459 1403 644 1455 paullatim
687 1404 829 1441 tenuius
870 1409 906 1440 et
945 1402 1051 1440 latius
1089 1402 1147 1450 fit,
1194 1406 1231 1439 et
1276 1412 1389 1451 super
1433 1405 1559 1438 costas

83 1478 316 1518 descendens
346 1478 528 1528 procurrit
548 1478 584 1515 in
603 1477 761 1528 spinam
781 1475 991 1526 scapulae.
1036 1475 1077 1513 In
1106 1475 1291 1512 anteriore
1322 1474 1429 1512 huius
1461 1473 1559 1510 ossis

81 1559 185 1606 parte
216 1551 288 1590 duo
314 1562 533 1602 processus
572 1549 833 1601 eondyloz'dei
872 1550 1171 1600 conspiciuntur,
1215 1559 1370 1599 quorum
1410 1547 1562 1584 interior

82 1629 201 1665 minor
228 1624 476 1677 famulari-⁹⁷
516 1625 679 1662 exterior
717 1624 834 1662 maior
864 1621 1084 1660 humeralis
1113 1627 1280 1659 vocatur.
1338 1620 1424 1672 Ipse
1450 1632 1560 1671 pro-

84 1712 215 1739 cessus
248 1697 480 1750 fureularis
525 1697 615 1735 duas
661 1696 816 1748 praebet
862 1696 1078 1747 superficies
1124 1693 1362 1742 articulares,
1409 1704 1560 1744 quarum

83 1773 197 1811 altera
228 1773 411 1822 superior,
442 1771 536 1809 inter
566 1770 638 1808 duo
669 1769 862 1808 tubercula
892 1769 1123 1819 interposita,
1156 1779 1237 1805 cum
1260 1765 1396 1817 angulo
1418 1767 1562 1804 interno

81 1846 322 1885 extremitatis
350 1844 547 1883 humeralis
577 1843 743 1882 furculae
776 1843 1019 1892 coniungitur,
1049 1840 1179 1889 altera,
1209 1839 1301 1878 infra
1331 1839 1562 1878 tuberculum

82 1922 263 1959 internum
294 1919 375 1966 sita,
408 1930 490 1956 cum
520 1916 763 1955 tuberositate
794 1915 977 1967 scapulari
1008 1915 1105 1953 ossis
1127 1913 1342 1952 coracoidei
1364 1913 1561 1951 connecti-

82 2000 151 2032 tur.
212 1992 454 2030 processum
491 1988 753 2034 humeralem,
800 1990 860 2039 qui
900 1988 1132 2026 extrinsecus
1170 1988 1343 2035 vertitur,
1389 1985 1562 2024 surculari

83 2065 295 2105 breviorem
326 2070 363 2103 et
393 2064 615 2102 crassiorem
646 2063 778 2101 inveni.
839 2061 874 2099 Is
913 2073 995 2099 cum
1027 2072 1116 2098 osse
1147 2059 1375 2099 coracoideo
1407 2065 1443 2097 et
1474 2071 1563 2097 osse

82 2137 452 2190 humero-capsulari
482 2136 590 2174 latam
622 2142 658 2174 et
689 2135 903 2185 cartilagine
935 2134 1121 2173 obtectam
1150 2133 1291 2172 fossam
1313 2132 1561 2184 glenoidalem

83 2225 151 2264 pro
182 2212 305 2263 capite
334 2211 475 2249 humeri
506 2209 724 2247 conformat.

198 2284 359 2336 Scapula
391 2296 473 2322 cum
505 2282 759 2321 adiacentibus
791 2281 939 2320 ossibus
972 2280 1168 2331 colligatur
1198 2281 1302 2319 hisce
1333 2279 1562 2329 ligamentis:

197 2370 230 2396 a.
264 2356 357 2408 Liy.
384 2355 771 2407 corace-capsulam
801 2355 1003 2393 internum
1032 2354 1271 2392 fortissimum
1301 2354 1425 2391 inveni
1454 2352 1564 2404 idque

85 2443 105 2469 a
145 2431 386 2469 tuberositate
424 2429 597 2468 furculari
638 2418 746 2467 ossis
774 2427 989 2466 coracoidei
1029 2432 1148 2466 ortum
1179 2426 1339 2477 infigitur
1368 2427 1564 2477 processui

86 2503 257 2543 surculari
299 2502 487 2554 scapulae.

198 2576 234 2615 b.
278 2574 373 2627 Liy.
413 2574 911 2625 mmmmm-scapulare
941 2578 1148 2612 externum
1187 2575 1340 2611 interest
1369 2573 1462 2610 inter
1500 2577 1562 2609 tu-

86 2651 325 2688 berositatem
363 2648 583 2687 humeralem
626 2650 724 2686 ossis
762 2647 975 2686 coracoidei
1014 2653 1050 2685 et
1080 2648 1174 2685 inter
1203 2652 1391 2684 externam
1423 2650 1564 2696 partem

87 2734 289 2774 processus
320 2721 516 2760 humeralis
548 2720 734 2771 scapulae.
