1752 2927
890 72 952 117 20

183 201 486 253 pterygoideum,
531 202 578 241 ad
607 204 790 242 anteriora
821 215 952 242 versus
979 217 1214 255 processum
1245 204 1425 244 nasalem
1454 206 1561 256 facit,
1601 208 1660 245 cui

183 287 314 314 vomer
344 276 532 314 adhaeret.

297 349 334 387 b.
371 348 546 387 Proces
559 361 635 386 sus
674 349 940 388 maxillaris
970 349 1103 399 longus
1134 362 1180 388 ac
1210 353 1328 389 tenuis
1358 357 1567 403 aperturam
1597 354 1659 391 in-

187 423 339 460 cisivam
377 424 414 460 in
449 422 625 460 lateribus
667 423 854 461 concludit
893 429 929 461 et
966 424 1099 462 deinde
1137 424 1322 475 paullatim
1360 428 1505 464 tenuior
1540 425 1660 464 factus

185 507 273 533 sese
303 497 493 545 coniungit
524 507 605 533 cum
635 497 779 534 interno
811 498 975 546 margine
999 511 1220 548 processus
1251 497 1470 536 alveolaris
1499 499 1661 537 interio-

184 570 244 607 ris
275 570 373 607 ossis
404 568 700 608 intermaxillaris
737 576 774 608 et
804 582 886 608 cum
917 582 1099 621 processu
1129 570 1308 609 alveolari
1338 571 1510 610 maxillae
1540 584 1660 623 supe-

185 644 306 681 rioris.
367 642 438 690 Qui
484 655 613 681 omnes
657 655 862 694 processus
902 656 989 682 mox
1028 646 1176 683 omnino
1215 647 1309 683 inter
1347 658 1389 684 se
1430 645 1660 693 coalescunt,

185 722 244 765 ut,
284 717 429 767 quando
470 729 605 767 corpus
641 717 936 756 intermaxillaris
975 719 1072 756 ossis
1102 718 1211 769 plane
1242 731 1392 757 osseum
1423 725 1480 757 est
1510 719 1659 768 factum,

186 791 278 828 lines
309 801 436 828 eorum
466 790 566 828 nullo
597 790 708 829 modo
740 792 886 842 possint
917 791 1162 829 determinari.

299 863 396 901 Ossa
425 863 585 914 palatina
614 865 741 901 stricte
772 865 827 901 sic
859 864 956 902 dicta
986 866 1057 902 iam
1088 866 1122 902 in
1153 864 1262 915 pullis
1282 877 1394 903 ossea
1415 866 1660 913 inveniuntur,

186 936 347 975 ossicula
379 941 508 974 contra
537 938 754 975 accessoria
785 949 852 988 per
881 937 1028 987 longius
1059 943 1205 989 tempus
1237 938 1476 989 cartilaginea
1507 950 1594 977 sero
1625 939 1661 976 in

186 1022 230 1048 os
260 1016 461 1059 transeunt,
493 1022 563 1061 qua
593 1011 736 1049 ratione
766 1010 811 1048 ab
843 1010 913 1048 illis
944 1017 1028 1049 sunt
1058 1011 1216 1049 diversa.

645 1142 696 1181 6.
747 1142 869 1181 Ossa
894 1143 1195 1191 zygomatica.

299 1232 351 1270 Ita
381 1244 561 1271 vocamus
594 1233 664 1271 duo
697 1233 821 1283 longa,
853 1235 975 1271 tenuia
1007 1239 1044 1271 et
1073 1233 1226 1271 elastica
1258 1232 1433 1282 ossicula,
1466 1244 1561 1284 quae
1593 1245 1662 1272 or-

185 1305 279 1347 bitas
308 1305 400 1344 infra
432 1311 468 1343 et
499 1312 600 1344 extra
631 1311 789 1344 tuentur.
849 1307 987 1344 Eorum
1025 1312 1147 1344 autem
1177 1308 1382 1344 anteriores
1412 1313 1536 1358 partes
1565 1312 1662 1357 pro-

187 1392 334 1418 cessum
358 1380 630 1429 zygomaticum
645 1381 834 1430 utriusque
857 1379 1026 1417 maxillae
1048 1381 1264 1430 superioris,
1282 1381 1512 1431 posteriores
1534 1386 1663 1418 contra

186 1464 274 1491 ossa
304 1452 480 1503 quadrata
518 1458 682 1502 tangunt.
741 1453 936 1491 Rationem
976 1455 1266 1502 coniunctionis,
1313 1465 1406 1504 quae
1443 1455 1538 1491 inter
1576 1465 1663 1491 ossa

187 1527 419 1575 zygomatica
460 1532 497 1564 et
532 1526 698 1564 maxillas
738 1528 950 1577 superiores
989 1527 1036 1564 sit
1074 1529 1144 1564 iam
1177 1538 1287 1578 supra
1318 1526 1662 1564 demonstravimus.

186 1600 291 1638 Haec
330 1599 493 1637 ossicula
530 1601 685 1650 primum
725 1602 846 1637 tenuia
886 1611 958 1650 quo
991 1601 1109 1649 magis
1140 1599 1185 1637 ad
1217 1611 1303 1637 ossa
1336 1599 1510 1650 quadrata
1541 1611 1662 1637 acce-

186 1673 292 1720 dunt,
325 1684 371 1710 eo
402 1671 532 1710 latiora
562 1672 659 1710 facta
689 1678 825 1710 exeunt
855 1674 889 1710 in
921 1672 1064 1722 singula
1096 1672 1306 1723 capitula,
1338 1685 1433 1723 quae
1462 1672 1663 1722 ligamento

187 1746 347 1797 quodam
379 1758 461 1783 cum
491 1746 561 1783 illis
594 1746 805 1784 cohaerent.
858 1745 978 1796 Prope
999 1752 1193 1796 utrumque
1216 1745 1439 1796 capitulum
1461 1745 1664 1796 etquidem

186 1821 222 1858 in
252 1819 425 1857 inferiore
457 1820 554 1857 ossis
586 1821 750 1868 margine
783 1824 839 1856 est
870 1817 1116 1857 tuberculum
1149 1819 1354 1869 quoddam,
1387 1821 1446 1857 cui
1476 1818 1662 1867 ligamen-

187 1899 260 1931 tum
292 1892 477 1944 quoddam
515 1874 695 1942 iufigstur,
742 1892 840 1942 quod
880 1904 998 1943 usque
1038 1891 1082 1929 ad
1120 1903 1341 1942 processum
1378 1891 1664 1941 condyloitleum

186 1968 432 2018 posteriorem
464 1965 697 2004 mandibulae
727 1965 911 2003 inferioris
943 1965 1162 2003 extenditur.
1229 1965 1368 2003 Horum
1399 1966 1538 2003 ossium
1568 1977 1664 2015 spe-

187 2041 264 2078 cies
296 2041 331 2078 in
361 2039 441 2077 aliis
473 2041 597 2078 corvis
628 2039 697 2077 alia
729 2045 797 2087 est,
830 2052 939 2090 quum
970 2040 1006 2076 in
1035 2038 1201 2089 plurimis
1231 2045 1353 2087 recta,
1385 2040 1421 2076 in
1450 2039 1533 2090 pica
1565 2050 1664 2077 con-

187 2119 240 2151 tra
289 2118 326 2150 et
372 2114 602 2164 potissimum
648 2114 685 2150 in
731 2111 928 2150 monedula
972 2112 1067 2150 ssexa
1113 2113 1355 2150 inveniantur.
1420 2111 1510 2150 Illud
1555 2112 1664 2149 etiam

187 2185 415 2224 tuberculum
448 2186 632 2224 diversum
664 2191 741 2223 est:
773 2197 992 2236 quamquam
1024 2186 1120 2223 enim
1152 2187 1286 2222 eminet
1315 2186 1351 2222 in
1383 2196 1539 2233 corace,
1570 2196 1664 2222 cor-

186 2261 270 2298 nice
301 2266 338 2298 et
368 2271 521 2308 corone,
554 2260 617 2297 vix
649 2260 889 2309 cognoscitur
919 2260 954 2296 in
984 2260 1081 2309 pica,
1115 2258 1309 2296 monedula
1332 2264 1367 2296 et
1389 2263 1662 2307 caryocatacte.

301 2332 354 2370 Os
395 2334 666 2382 zygomaticum
706 2333 804 2370 omni
843 2344 890 2369 ex
927 2337 1031 2382 parte
1077 2343 1227 2370 osseum
1271 2333 1306 2369 in
1350 2331 1453 2369 foetu
1497 2332 1663 2380 inveniri,

187 2406 370 2444 affirmare
403 2417 569 2456 possum.

783 2535 830 2574 ยน7.
879 2535 1067 2573 Vomer.

299 2624 411 2663 Plane
441 2624 538 2662 aliud
567 2626 603 2662 in
635 2626 759 2662 corvis
789 2626 912 2663 inveni
942 2625 1015 2662 hoc
1046 2624 1269 2673 ossiculum,
1309 2630 1420 2675 atque
1449 2624 1494 2662 ab
1526 2630 1663 2662 aucto-

190 2697 292 2737 ribus
323 2697 554 2737 describitur.
615 2697 684 2736 Est
715 2699 809 2736 enim
841 2709 1084 2750 perparvum,
1114 2697 1274 2749 planum,
1306 2709 1414 2749 supra
1446 2708 1662 2745 concavum,
