1752 2927
798 92 856 135 15

85 221 197 259 multo
230 222 366 259 maiora
398 221 567 258 videntur
597 233 703 270 esse,
735 235 843 273 quam
873 234 962 260 vere
994 224 1234 273 reperiuntur.
1294 224 1333 262 In
1364 225 1436 262 hoc
1467 237 1559 263 cor-

84 306 176 345 pore
216 295 448 345 superficiem
485 294 697 333 inferiorem
737 308 893 347 eamque
923 308 1124 334 concavam
1156 303 1192 334 et
1222 297 1311 335 duas
1342 299 1559 348 superficies

82 368 254 406 laterales
295 380 482 405 convexas
522 368 796 418 dignoscimus,
842 382 936 420 quae
975 371 1176 419 marginem
1214 370 1391 419 formant,
1438 371 1560 420 lingua

82 441 277 479 vernacula
309 441 476 489 „First“
508 447 692 480 vocatum.
748 442 788 480 Ῑ5
826 449 945 481 autem
977 444 1011 480 in
1044 443 1303 482 distribuendis
1335 446 1451 482 avium
1483 456 1558 494 ge-

81 515 229 553 neribus
261 516 391 553 summi
421 516 595 553 momenti
628 522 696 553 est.
756 515 950 564 Angulus,
991 517 1051 566 qui
1082 516 1166 554 inde
1198 518 1332 565 oritur,
1373 517 1463 555 alius
1502 524 1560 555 est

81 591 116 627 in
147 589 225 627 aliis
257 589 410 637 avibus,
443 591 478 627 in
509 590 632 626 corvis
663 595 783 626 autem
813 604 870 623 =
901 585 996 626 600.
1057 589 1242 639 Margines
1273 590 1446 629 laterales
1477 597 1559 630 sunt

82 664 274 710 acerrimi,
315 663 412 712 quod
445 662 603 700 dentium
635 663 717 699 vice
748 662 954 712 funguntur.
1018 663 1145 701 Omnis
1168 665 1384 714 superficies
1406 671 1556 703 externa

79 747 217 772 corneo
249 741 463 785 tegumento
496 735 656 773 obducta
688 742 765 784 est,
812 736 910 787 quod
943 742 1044 774 extra
1076 736 1203 785 laeve,
1250 738 1342 775 infra
1382 738 1554 788 plicatum

77 809 210 846 inveni.
271 808 369 846 Inter
403 809 476 846 hoc
514 814 766 858 tegumentum
807 815 844 846 et
885 811 1002 860 ipsum
1042 822 1085 848 os
1123 812 1242 848 tenuis
1274 816 1394 848 exstat
1424 811 1555 862 plexus

75 883 278 919 arteriosus
310 888 347 919 et
376 894 569 929 nervosus,
603 894 650 919 ex
681 894 753 933 quo
785 883 949 920 oriuntur
978 885 1243 933 impressiones
1276 884 1359 921 illae
1381 886 1552 934 exiguae,

76 967 171 1005 quae
202 957 235 992 in
268 956 348 1005 ipso
381 967 469 992 osse
500 955 834 994 animadvertimus.
897 958 1123 1006 Superficies
1145 958 1286 995 interna
1309 958 1436 996 fauces
1461 971 1553 996 ver-

75 1041 138 1066 sus
169 1033 404 1078 aperturam
426 1029 634 1066 inc-[sivum
658 1031 785 1078 tangit,
818 1030 878 1067 ubi
904 1043 1138 1081 processum
1170 1031 1378 1069 inci-rivum
1408 1032 1553 1080 format,

76 1103 172 1139 iuxta
205 1114 312 1151 quem
343 1101 418 1138 duo
450 1114 563 1152 parva
594 1102 786 1150 foramina,
819 1116 886 1154 per
917 1116 1011 1153 quae
1042 1105 1107 1141 aer
1137 1105 1171 1141 iu
1204 1116 1246 1141 os
1270 1105 1553 1143 intermaxillare

73 1177 193 1222 intrat,
226 1181 262 1212 et
292 1175 363 1212 duo
395 1174 486 1212 sulci
517 1181 611 1223 sunt,
644 1179 702 1226 qui
734 1188 852 1226 prope
883 1177 1026 1226 apicem
1059 1179 1282 1215 conveniunt
1310 1179 1345 1215 in
1364 1180 1554 1229 foramen

76 1248 300 1286 incisivum.
362 1248 401 1286 ln
442 1260 555 1286 corvo
595 1248 782 1298 frugilego
821 1254 894 1287 tres
932 1261 1134 1299 processus
1172 1251 1315 1288 incisivi
1354 1253 1551 1289 inveniun-

72 1327 141 1368 tur,
172 1321 312 1359 medius
344 1323 460 1359 maior
490 1327 526 1359 et
557 1321 627 1359 duo
659 1323 821 1360 minores
850 1322 1047 1363 laterales:
1079 1328 1153 1361 tum
1179 1323 1238 1361 illa
1261 1324 1439 1362 foramina
1460 1326 1553 1363 inter

72 1394 228 1432 medium
262 1401 297 1432 et
326 1394 498 1432 laterales
528 1396 771 1445 reperiuntur.
830 1394 970 1434 Cornix
999 1402 1036 1433 et
1066 1408 1206 1434 corone
1237 1398 1271 1434 in
1303 1397 1372 1435 hac
1403 1409 1550 1448 quoque

71 1480 111 1505 re
142 1468 237 1505 inter
264 1480 307 1505 se
337 1469 571 1505 conveniunt.

173 1540 207 1578 b.
248 1540 415 1578 Ramus
457 1540 725 1578 ascendens
757 1541 805 1578 nil
836 1541 933 1579 aliud
965 1548 1022 1579 est
1050 1543 1120 1580 nisi
1152 1544 1384 1580 continuatus
1418 1555 1547 1592 margo

69 1615 239 1665 superior
275 1615 458 1664 corporis.
519 1613 637 1651 Nares
679 1614 852 1652 deorsum
892 1621 1024 1664 tegens
1062 1616 1295 1664 coniungitur
1332 1628 1413 1653 cum
1453 1628 1548 1666 pro-

69 1687 240 1725 cessibus
271 1687 456 1725 nasalibus
488 1689 626 1725 ossium
658 1688 834 1725 nasalium
866 1694 921 1736 et,
970 1701 1042 1738 quo
1073 1690 1192 1737 magis
1223 1689 1266 1726 ad
1299 1689 1430 1727 frontis
1462 1701 1549 1727 ossa

67 1760 233 1808 accedit,
272 1772 317 1798 eo
358 1762 467 1798 latior
504 1766 540 1797 et
576 1762 720 1799 tenuior
760 1762 809 1799 fit.
868 1761 983 1798 Porro
1024 1763 1206 1799 incisurae
1237 1761 1352 1800 nasali
1384 1768 1419 1799 et
1450 1764 1546 1800 ossis

67 1833 266 1871 ethmoidei
296 1835 410 1884 parti,
457 1835 551 1871 inter
582 1846 784 1885 processus
816 1834 962 1872 nasales
993 1835 1123 1873 frontis
1153 1836 1292 1873 ossium
1324 1837 1437 1884 sitae,
1476 1848 1546 1873 su-

66 1908 242 1957 periacet.
301 1907 390 1944 Pars
418 1913 582 1944 extrema
613 1909 647 1945 in
679 1907 809 1946 adultis
841 1909 963 1945 corvis
1003 1907 1158 1958 praebet
1196 1909 1415 1946 incisuram
1451 1908 1545 1946 lon-

64 1979 332 2031 qituslz‘nalem
365 1979 534 2017 diversae
566 1982 806 2028 extensionis,
840 1982 875 2018 in
905 1980 986 2018 aliis
1018 1981 1148 2018 avibus
1180 1983 1367 2029 exiguam,
1399 1983 1434 2019 in
1465 1981 1544 2020 aliis

66 2065 182 2104 usque
214 2053 371 2090 medium
404 2055 438 2090 in
470 2065 605 2103 corpus
636 2053 915 2104 procedentem.
975 2053 1014 2091 In
1035 2055 1078 2091 iis
1109 2066 1218 2104 quum
1239 2054 1366 2091 ramuli
1385 2055 1545 2092 incisura

64 2125 209 2164 formati
248 2138 321 2163 non
361 2125 579 2174 diver-gant,
626 2126 691 2164 sed
730 2126 985 2177 parallelarum
1025 2126 1199 2164 linearum
1238 2127 1349 2164 modo
1381 2133 1541 2178 pateant,

63 2199 174 2237 facile
210 2211 277 2250 pro
325 2198 487 2249 reliquiis
525 2205 671 2237 suturae
716 2199 844 2237 haberi
883 2205 1040 2250 possunt
1083 2206 1193 2250 atque
1237 2201 1285 2237 ita
1331 2201 1542 2251 opinionem

64 2278 181 2310 ortam
212 2284 298 2310 esse
328 2278 440 2323 puto,
473 2284 546 2310 non
577 2271 695 2310 solum
726 2273 823 2310 hunc
853 2284 1085 2323 processum,
1119 2273 1185 2311 sed
1218 2275 1326 2311 etiam
1358 2286 1467 2311 omne
1499 2285 1542 2311 os

62 2345 347 2383 intermaxillare
377 2357 462 2383 esse
495 2345 643 2396 duplex.
706 2345 823 2393 Quam
854 2347 1050 2390 incisuram
1079 2348 1115 2384 in
1147 2347 1270 2384 corvis
1301 2358 1374 2385 non
1404 2347 1540 2385 admo—

63 2418 146 2456 dum
177 2418 326 2468 longam
358 2423 395 2456 et
424 2418 586 2456 ramulos
617 2419 854 2469 divergentes
893 2421 1027 2457 inveni.
1081 2419 1224 2457 Ramuli
1254 2421 1323 2470 ipsi
1355 2426 1414 2458 aut
1445 2421 1539 2458 sim-

62 2491 200 2542 plices,
249 2497 287 2528 ut
334 2493 368 2529 iu
407 2492 512 2541 pica,
563 2498 646 2530 sunt
683 2499 746 2530 aut
782 2494 904 2543 parvis
942 2494 1112 2530 incisuris
1150 2494 1277 2530 iterum
1317 2494 1353 2530 in
1391 2493 1539 2531 lobulos

62 2564 288 2612 dividuntur,
320 2570 358 2601 ut
387 2565 423 2602 in
453 2565 650 2603 monedula
682 2572 718 2603 et
746 2565 942 2615 frugilego.

176 2650 208 2675 c.
251 2638 381 2676 Rami
421 2637 708 2677 alveolares
747 2639 867 2677 media
898 2639 1012 2676 latera
1043 2640 1152 2677 rostri
1183 2640 1384 2690 superioris
1415 2643 1539 2675 tenent

61 2716 98 2749 et
128 2717 280 2760 tangunt
310 2722 515 2762 processus
556 2711 764 2750 alveolares
804 2714 941 2750 ossium
973 2712 1212 2751 maxillarium
1244 2712 1473 2762 superiorum
1504 2716 1540 2748 et
