1752 2927
876 82 939 126 46

871 277 945 318 III.

717 381 816 423 ossa
853 378 1103 422 antibrachii.

794 513 833 553 1.
881 513 1021 553 Ulna.

286 608 324 648 ln
374 612 691 648 extremitate
742 611 994 661 superiore
1045 608 1174 657 ulnae,
1226 609 1474 659 magnitudine
1513 607 1654 646 radium

173 684 288 733 longe
319 685 550 735 superantis,
595 686 713 735 primo
752 685 935 722 cernimus
970 686 1127 735 fossam
1156 683 1418 734 siymoideam
1446 682 1654 725 maiorem,

172 757 379 809 proclivem
412 763 449 794 et
477 769 605 808 parum
637 744 862 805 con-cavam,
902 770 996 808 quae
1028 757 1232 795 trochleam
1263 756 1508 807 amplectitur.
1567 755 1657 793 Post

173 843 253 869 eam
286 831 424 868 fossam
458 829 704 878 olecranon,
736 832 772 868 in
804 830 934 868 avibus
964 830 1129 881 pluribus
1161 832 1355 879 exiguum,
1388 832 1503 868 maius
1533 834 1656 866 autem

172 907 208 943 in
239 905 363 942 corvis
394 909 559 954 apparet.
621 905 718 941 Ante
757 903 898 941 fossam
937 903 1181 952 sigmoideam
1214 904 1391 941 maiorem
1418 914 1656 953 processum

174 976 461 1015 coronoz'deum
483 989 640 1027 eumque
664 978 849 1015 minimum
870 978 1082 1028 aspicimus.
1118 975 1249 1014 Fossa
1272 975 1497 1026 siymoidea
1526 975 1657 1012 minor

174 1053 209 1089 in
241 1052 363 1088 corvis
395 1050 506 1088 solito
539 1051 667 1098 maior,
699 1061 772 1088 non
805 1050 924 1088 solum
957 1049 1155 1101 capitulum
1186 1050 1276 1088 radii
1308 1050 1374 1087 sed
1407 1050 1515 1087 etiam
1546 1053 1656 1086 rotu-

175 1124 244 1162 lam
278 1123 418 1161 brachii
454 1125 585 1175 recipit
625 1129 661 1161 et
698 1135 917 1174 processum
957 1124 1139 1174 quendam
1176 1135 1325 1161 osseum
1364 1123 1500 1170 reddit,
1548 1133 1657 1172 quem

176 1197 372 1246 condylum
412 1203 601 1235 externum
641 1198 802 1235 nomino.
864 1197 904 1235 In
941 1197 1101 1235 adverso
1145 1196 1252 1235 ulnae
1297 1196 1412 1234 latere
1459 1194 1656 1245 condylum

175 1273 351 1309 internum
383 1270 504 1309 valde,
523 1272 696 1320 exiguum
729 1272 941 1322 aspicimus.

289 1367 329 1405 ln
360 1368 553 1417 superiore
583 1373 687 1418 parte
719 1368 888 1418 corporis
918 1366 1026 1405 ulnae
1055 1373 1130 1405 tres
1162 1372 1306 1404 exstant
1335 1366 1468 1414 lineae,
1500 1377 1594 1416 quae
1622 1365 1660 1402 in

177 1453 221 1479 ea
253 1440 493 1487 descendunt,
528 1447 563 1478 et
594 1447 759 1489 externa,
793 1447 829 1478 et
858 1442 1014 1489 interna,
1046 1447 1083 1478 et
1112 1445 1315 1492 postrema.
1365 1439 1501 1477 Earum
1539 1440 1659 1476 inter-

177 1526 260 1561 nae,
291 1515 326 1552 in
348 1526 530 1564 processu
553 1514 781 1552 coronoideo
804 1520 920 1562 ortae,
946 1513 1105 1563 affigitur
1125 1513 1361 1563 ligamentum
1393 1514 1661 1550 interosseum:

180 1593 330 1625 externa
361 1589 396 1625 in
428 1586 621 1625 tuberculo
654 1594 809 1625 externo
842 1594 878 1624 et
907 1592 1110 1638 postrema,
1143 1599 1238 1637 quae
1269 1588 1413 1624 minima
1446 1597 1532 1623 mox
1564 1597 1660 1622 eva-

179 1662 317 1707 nescit,
361 1662 394 1698 in
435 1660 628 1698 tuberculo
668 1662 811 1698 interno
843 1662 968 1698 oritur.
1027 1660 1078 1698 Ita
1111 1666 1185 1697 tres
1216 1661 1435 1711 superficies
1467 1664 1664 1697 nascuntur

180 1736 215 1772 in
247 1746 408 1784 corpore
438 1733 556 1771 ulnae.
618 1733 689 1772 Ubi
719 1735 859 1772 interna
891 1746 1015 1772 earum
1047 1745 1128 1771 cum
1160 1739 1347 1784 postrema
1379 1732 1552 1779 confluit,
1592 1744 1661 1769 se-

180 1809 270 1845 riem
301 1806 484 1857 quandam
514 1807 833 1845 animadvertimus
853 1808 1063 1858 spinarum
1078 1819 1319 1858 parvarum,
1353 1805 1484 1857 quibus
1507 1804 1664 1843 musculi

181 1881 361 1930 remigum
400 1881 578 1918 minorum
610 1879 818 1930 affiguntur.
880 1881 1059 1932 Superior
1098 1891 1183 1930 pars
1223 1880 1434 1931 superficiei
1474 1884 1662 1926 externae,

182 1955 251 2004 ipsi
273 1953 450 1991 olecrano
473 1952 685 2002 subiacens,
720 1953 884 2005 pluribus
915 1954 1122 1991 eminentiis
1153 1954 1345 2005 perparvis
1376 1964 1508 2004 aspera
1540 1963 1664 2003 appa-

182 2033 250 2074 ret,
283 2026 380 2077 quod
412 2028 569 2065 maxime
600 2029 635 2065 in
666 2027 860 2065 monedula
892 2026 1002 2065 valet.

297 2123 335 2161 ln
369 2123 580 2174 capitulo
612 2123 751 2162 ulnae
783 2124 1018 2175 superficiem
1049 2123 1282 2162 articularem
1304 2124 1440 2172 inveni,
1471 2134 1542 2173 qua
1565 2133 1664 2160 con-

185 2198 345 2246 iungitur
380 2196 463 2234 ulna
503 2209 584 2234 cum
625 2197 770 2235 duobus
809 2197 958 2235 ossibus
991 2198 1104 2248 carpi.
1165 2198 1279 2236 Sitam
1310 2198 1431 2235 inveni
1462 2207 1543 2234 eam
1574 2196 1669 2233 inter

132 2297 135 2300 -
186 2269 279 2307 duos
329 2269 531 2319 condylos,
583 2281 737 2321 quorum
782 2271 946 2308 internus
992 2276 1146 2308 externo
1192 2270 1441 2320 magnitudine
1489 2273 1667 2320 praestat.

188 2343 304 2392 Supra
337 2349 526 2380 externum
559 2343 756 2392 condylum
788 2355 940 2394 parvum
973 2345 1118 2381 exsistit
1148 2342 1408 2389 tuberculum,
1441 2342 1538 2393 quod
1561 2340 1669 2380 simili

188 2415 332 2453 cuidam
377 2416 467 2453 radii
509 2417 679 2465 iungitur.
746 2416 785 2454 In
824 2418 964 2454 interna
1002 2422 1106 2467 parte
1147 2415 1296 2467 capituli
1342 2428 1561 2467 processus
1611 2420 1670 2453 est

186 2487 429 2539 styloideus,
470 2490 530 2539 qui
570 2488 779 2538 ligamentis
812 2501 893 2527 cum
923 2491 1055 2527 vicinis
1087 2490 1234 2528 ossibus
1266 2491 1511 2528 connectitur.
1571 2488 1670 2526 Inter

189 2573 407 2612 processum
439 2561 658 2610 styloideum
691 2568 728 2599 et
757 2562 988 2600 tuberculum
1020 2562 1127 2600 ulnae
1160 2564 1343 2601 cernimus
1373 2563 1544 2611 foveam,
1575 2572 1670 2612 quae

190 2636 421 2685 superiorem
464 2640 605 2685 partem
651 2637 749 2673 ossis
796 2637 896 2686 carpi
942 2635 1111 2684 radians,
1162 2637 1224 2675 ubi
1269 2636 1476 2675 extenditur
1521 2646 1668 2686 carpus,

192 2708 335 2758 recipit.
