1752 2927
844 70 904 115 18

131 201 323 251 impositus
354 206 424 239 est.
483 200 543 239 Ad
583 201 767 239 anteriora
806 202 928 251 vergit
966 201 1026 240 hic
1056 213 1185 252 margo
1216 203 1251 240 in
1276 214 1514 252 processum
1544 215 1617 241 na-

129 273 274 322 salem,
323 275 384 324 qui
419 273 512 312 infra
550 273 654 312 fulcit
691 286 831 313 ramum
870 275 1137 313 ascendentem
1178 276 1514 314 intermaxillarem.
1573 276 1615 315 In

131 348 315 385 anteriore
347 353 383 385 et
414 347 588 386 inferiore
619 353 724 398 parte
756 359 799 386 os
829 347 956 386 nasale
986 349 1146 398 iungitur
1175 361 1243 400 per
1266 362 1504 400 processum
1533 363 1615 388 ma-

129 419 321 458 millarem
361 422 510 471 corpori
549 420 719 459 maxillae
758 422 961 472 superioris
1000 434 1045 460 ac
1093 422 1368 472 quodammodo
1416 423 1616 474 processui

135 493 314 531 alveolari
362 494 656 533 intermaxillaris
696 497 806 533 ossis.
866 494 966 533 Inter
1012 495 1082 533 hos
1129 495 1223 533 duos
1266 507 1470 546 processus
1515 498 1615 535 sinus

132 567 279 617 quidam
325 572 383 605 est
427 574 621 617 arcuatus,
668 570 729 620 qui
776 570 978 618 marginem
1019 571 1264 620 posteriorem
1303 571 1442 607 narium
1482 570 1613 608 reddit.

130 640 262 690 Margo
302 640 435 679 deinde
476 644 662 692 posterior
700 654 744 680 os
774 642 906 680 frontis
937 643 1082 692 attingit
1111 654 1182 681 nec
1212 654 1296 681 raro
1328 644 1364 680 in
1393 655 1614 694 processum

132 715 310 752 minorem
340 715 536 765 procurrit.

244 787 466 826 Referuntur
496 794 618 826 autem
650 799 736 826 ossa
766 788 907 826 nasalia
938 789 974 826 in
1005 800 1134 826 eorum
1164 801 1374 836 numerum,
1412 801 1508 840 quae
1545 789 1615 827 iam

131 863 352 912 tempestive
382 863 418 899 in
449 873 493 900 os
523 867 733 910 transeunt,
765 874 851 900 sero
883 868 1004 900 autem
1037 874 1119 900 cum
1149 863 1279 900 vicinis
1311 862 1540 901 coalescunt.

605 994 660 1031 4.
710 992 834 1032 Ossa
855 993 1144 1042 lacrymalia.

245 1082 350 1120 Haec
388 1095 503 1133 parva
542 1095 629 1121 ossa
669 1083 749 1121 fere
788 1083 1020 1122 semilunaria
1052 1089 1237 1122 extremas
1267 1089 1413 1134 partes,
1459 1084 1618 1122 maxime

132 1160 254 1194 autem
293 1156 528 1205 inferiorem,
574 1157 711 1195 habent
750 1163 963 1206 turgentes,
1011 1162 1048 1195 et
1084 1158 1244 1195 incisura
1275 1156 1429 1208 quadam
1461 1158 1496 1195 in
1528 1157 1619 1195 duas

130 1235 256 1280 partes
288 1229 405 1268 divisa
437 1236 530 1268 sunt.
590 1230 747 1268 Adiecta
781 1231 936 1280 margini
969 1232 1141 1268 anteriori
1174 1232 1284 1281 eique
1315 1235 1471 1268 externo
1502 1230 1618 1281 laby—

131 1303 330 1341 rinthorum
363 1303 529 1342 obtinent
558 1310 766 1355 postremas
797 1316 919 1342 nares.
967 1304 1023 1342 Ad
1042 1304 1198 1342 orbitam
1221 1303 1537 1353 conformandam,
1567 1305 1619 1343 uti

131 1377 166 1414 in
205 1375 286 1414 aliis
324 1376 475 1425 avibus,
520 1389 563 1416 os
594 1377 795 1426 lacrymale
826 1376 912 1415 nihil
945 1377 1109 1425 confert,
1157 1389 1267 1428 quum
1297 1377 1451 1415 inferior
1479 1383 1617 1419 tantum

132 1451 211 1488 eius
242 1462 328 1501 pars
359 1462 469 1502 supra
501 1450 672 1500 angulum
704 1450 995 1500 labyrinthorum
1026 1451 1237 1489 inferiorem
1271 1452 1484 1502 prominens
1509 1451 1617 1489 orbi-

132 1529 204 1561 tam
246 1530 404 1574 spectet.
464 1524 615 1563 Fissura
656 1529 778 1562 tamen
817 1524 1029 1562 ethmoidali
1067 1530 1103 1562 et
1141 1525 1337 1574 superiore
1376 1530 1412 1561 et
1442 1523 1618 1562 inferiore

133 1595 185 1634 illi
216 1608 303 1635 ossa
334 1598 457 1635 iuncta
489 1603 583 1635 sunt.
645 1597 756 1634 Pars
784 1598 974 1648 superior
1005 1609 1124 1648 eaque
1145 1599 1265 1635 minor
1286 1597 1427 1635 obtinet
1447 1597 1618 1648 angulum

131 1670 230 1708 illum
272 1672 368 1708 inter
406 1683 626 1721 processum
665 1670 894 1708 maxillarem
935 1672 1032 1708 ossis
1064 1670 1200 1708 nasalis
1233 1677 1269 1708 et
1298 1670 1472 1719 angulum
1502 1670 1617 1721 laby-

130 1744 334 1782 rinthorum
356 1746 586 1795 superiorem
609 1746 729 1782 situm.
788 1745 976 1795 Inferior
1007 1749 1136 1782 contra
1164 1756 1282 1793 pars,
1314 1745 1507 1795 superiore
1537 1744 1618 1782 fere

131 1816 242 1868 duplo
275 1818 405 1866 maior,
438 1817 668 1867 labyrinthos
700 1830 881 1869 superans
911 1817 991 1855 fere
1022 1829 1148 1855 arcum
1181 1819 1455 1867 zygomaticum
1487 1819 1615 1868 tangit.

131 1889 169 1928 ln
203 1897 479 1940 earyocatacte‚
511 1893 546 1930 in
577 1903 649 1942 qua
680 1903 750 1929 ave
781 1891 854 1929 hoc
886 1903 930 1929 os
961 1893 1078 1929 maius
1109 1892 1302 1939 invenitur,
1336 1892 1484 1929 omnino
1516 1890 1617 1929 illum

131 1975 256 2002 arcum
312 1966 448 2014 tangit,
509 1977 693 2015 nunquam
748 1970 870 2002 autem
927 1977 1009 2003 cum
1057 1976 1104 2002 eo
1153 1964 1348 2002 coalescit.
1407 1964 1448 2002 ln
1493 1965 1617 2002 corvis

130 2037 372 2075 animadverti
411 2050 455 2076 os
494 2038 696 2088 lacrymale
733 2050 917 2089 nunquam
957 2050 1039 2076 cum
1077 2039 1210 2076 vicinis
1249 2037 1398 2076 ossibus
1430 2039 1616 2087 connecti,

131 2110 199 2148 sed
229 2123 379 2162 semper
409 2111 592 2161 singulum
625 2123 668 2149 os
700 2117 737 2149 et
766 2112 956 2162 proprium
987 2112 1152 2149 inveniri.

242 2183 286 2221 In
323 2184 422 2235 pullo
464 2190 609 2222 constat
646 2196 667 2221 e
707 2183 921 2222 membrana
953 2183 1217 2234 cartilaginea,
1263 2185 1368 2221 cuius
1399 2184 1616 2235 superficies

129 2256 268 2295 nasalis
300 2259 418 2308 primo
449 2259 485 2296 in
508 2270 551 2296 os
573 2259 722 2305 transit,
755 2263 792 2295 et
821 2257 1008 2308 paullatim
1039 2263 1127 2309 post
1156 2257 1296 2308 aliquot
1326 2269 1475 2295 menses
1506 2268 1616 2295 omne

130 2341 174 2367 os
203 2319 405 2380 lacry'male
434 2331 543 2383 plane
574 2342 724 2369 osseum
754 2331 951 2369 invenitur.

635 2462 684 2501 5.
735 2460 857 2500 Ossa
880 2461 1106 2510 palatina.

241 2549 345 2588 Haec
388 2550 460 2588 duo
500 2551 588 2588 satis
619 2562 752 2600 magna
784 2562 872 2588 ossa
903 2552 938 2588 in
968 2550 1099 2588 avibus
1130 2550 1298 2588 neonatis
1330 2562 1351 2587 e
1380 2548 1476 2588 binis
1507 2550 1613 2588 ossi-

129 2622 221 2661 culis
265 2625 477 2674 composita
514 2629 663 2674 praeter
702 2635 745 2661 os
782 2623 1068 2662 intermaxillare
1098 2622 1271 2662 omnibus
1301 2623 1432 2661 frontis
1464 2622 1612 2660 ossibus

128 2696 381 2746 magnitudine
417 2695 531 2747 longe
569 2702 770 2748 praestant.
830 2697 1006 2736 Formant
1043 2698 1247 2749 praecipue
1285 2695 1445 2748 palatum
1484 2696 1612 2734 durum
