1752 2927
554 639 1062 702 INTRODUGTIO.

700 787 910 823 vffffissfflw

75 897 192 947 Varia
223 911 340 947 avium
373 922 511 955 genera
543 922 763 960 quamquam
804 911 837 947 in
871 909 1118 959 singularibus
1150 909 1252 946 libris
1292 921 1310 945 a
1353 909 1439 946 viris
1471 908 1547 945 do-

71 985 139 1021 ctis
171 985 375 1034 perscripta
407 988 443 1020 et
474 984 642 1034 exposita
674 989 770 1030 suut,
812 983 906 1020 nulla
940 988 1061 1019 tamen
1093 985 1396 1020 (jol-vortunt
1429 987 1550 1019 exstat

72 1056 271 1105 descriptio
305 1056 499 1107 peculiaris
531 1068 649 1106 eaque
681 1056 788 1106 plena
821 1061 856 1092 et
886 1055 1066 1106 perfecta.
1126 1055 1166 1092 Id
1205 1056 1304 1106 quod
1345 1067 1390 1092 eo
1433 1056 1549 1103 magis

71 1129 269 1167 mirandum
311 1129 581 1179 dolendumque
622 1134 698 1176 est,
749 1140 821 1179 quo
863 1129 1012 1165 maioris
1059 1129 1235 1165 momenti
1271 1128 1393 1166 hocce
1432 1139 1549 1176 genus

71 1202 341 1252 ornithologiae
372 1202 530 1240 studenti
563 1215 648 1239 esse
680 1208 841 1252 oportet,
874 1203 1010 1252 quippe
1042 1201 1139 1251 quod
1172 1213 1252 1238 mea
1284 1201 1430 1251 quidem
1460 1202 1547 1250 opi-

71 1277 180 1313 nione
220 1277 376 1314 medium
417 1282 539 1313 teneat
576 1277 669 1313 inter
709 1275 871 1312 vultures
917 1281 954 1312 et
993 1287 1167 1326 passeres
1207 1280 1318 1324 atque
1368 1275 1415 1311 ita
1456 1274 1549 1311 duos

71 1349 318 1399 amplissimos
350 1350 470 1386 avium
502 1349 650 1386 ordines
683 1349 776 1385 iuter
808 1361 849 1385 se
882 1349 1094 1396 coniungat.

185 1423 377 1459 Anatomia
411 1434 559 1472 quoque
591 1433 787 1459 corvorum
819 1421 939 1458 adhuc
970 1420 1078 1457 valde
1110 1420 1281 1470 neglecta
1314 1426 1370 1457 est
1394 1426 1431 1457 et
1451 1431 1549 1470 pau-

73 1508 139 1533 cae
171 1495 253 1532 iliae
286 1496 577 1545 disquisitiones,
611 1497 644 1532 in
675 1495 804 1545 quibus
837 1495 882 1533 de
915 1507 957 1532 ea
989 1507 1028 1532 re
1059 1497 1189 1543 agitur,
1231 1493 1289 1531 vel
1329 1495 1375 1531 ad
1407 1493 1550 1542 singula

72 1574 206 1606 tantum
253 1580 390 1618 organa
439 1568 496 1606 vei
542 1568 587 1606 ad
632 1568 795 1617 singulas
843 1569 947 1605 huius
985 1569 1135 1617 generis
1179 1569 1326 1618 species
1368 1572 1547 1618 spectant.

73 1643 177 1689 Quae
208 1634 514 1693 pertractationes
554 1642 631 1679 fere
664 1654 793 1679 omues
833 1643 867 1679 in
899 1641 1200 1692 ephemeridibus
1223 1641 1407 1679 litterariis
1432 1652 1549 1690 repe—

70 1717 207 1753 riuntur
238 1716 443 1766 dispersae.
511 1715 567 1752 Ex
606 1715 662 1752 his
702 1720 822 1752 autem
864 1717 1131 1764 gravissimae,
1172 1726 1264 1765 quas
1302 1716 1337 1752 in
1375 1715 1548 1751 conscri-

71 1789 191 1826 benda
222 1789 292 1827 hae
325 1789 586 1826 dissersatione
620 1790 654 1826 in
684 1801 762 1826 rem
795 1801 912 1826 meam
945 1790 1126 1836 converti,
1159 1794 1241 1826 sunt
1270 1788 1359 1825 hae:

272 1863 314 1900 N.
347 1863 572 1911 ffleursinge,
604 1863 881 1912 Verhandeling
912 1874 1003 1899 over
1035 1863 1080 1900 de
1111 1862 1223 1900 bonte
1255 1862 1355 1900 kraai
1392 1865 1550 1907 (corvus

186 1937 335 1981 cornix)
374 1938 424 1974 uit
464 1937 524 1974 het
563 1942 731 1986 oogpunt
767 1948 838 1973 van
879 1935 1072 1985 naturlijke
1111 1936 1261 1973 historie
1294 1949 1339 1973 en
1375 1934 1549 1972 ontleed-

184 2009 316 2047 kunde.
380 2009 605 2058 Groningen.
669 2005 788 2046 1851.

268 2083 448 2130 Barimw,
489 2082 824 2131 Unici-suchungen
864 2081 956 2119 iiber
986 2081 1050 2119 das
1083 2081 1453 2130 Scillagadersystem
1486 2081 1552 2118 der

184 2156 321 2206 vegei,
363 2158 397 2193 in
429 2156 608 2194 Meckel‘s
640 2156 788 2193 Archiv.
852 2152 961 2193 ’1829
992 2168 1027 2193 u.
1064 2151 1184 2193 1830.
1252 2155 1292 2193 In
1330 2155 1400 2193 hac
1440 2167 1549 2192 eom-

183 2231 406 2267 mentatione
439 2230 486 2267 ill.
520 2235 648 2267 auctor
679 2230 724 2267 de
754 2231 897 2267 arteriis
929 2231 1031 2267 corvi
1063 2230 1223 2266 cornicis
1262 2235 1298 2266 et
1328 2229 1431 2266 corvi
1462 2240 1549 2266 rno-

184 2303 339 2341 nedulae
370 2305 456 2353 agit.

269 2377 385 2426 Hyr-tl,
417 2377 509 2414 iiber
540 2377 598 2414 die
632 2376 791 2414 Gestisse
833 2378 866 2413 in
907 2375 973 2413 der
1005 2375 1100 2413 Haut
1131 2375 1196 2412 der
1226 2374 1447 2425 Amphibien
1478 2373 1549 2411 und

184 2450 319 2499 Vogel.
382 2449 608 2496 (Valentin's
647 2450 919 2501 Repertorium.
961 2449 1023 2486 Vl.
1065 2445 1211 2495 1841.)
1289 2447 1551 2498 Complectitur

184 2524 276 2561 haee
307 2525 564 2561 commentatio
597 2535 684 2560 vasa
717 2534 864 2574 quoque
897 2528 1049 2560 cutanea
1081 2523 1183 2560 corvi
1216 2521 1446 2559 monedulae.

268 2596 457 2634 l‘iatnerns
501 2598 537 2633 in
581 2596 788 2647 appendice
827 2596 871 2633 ad
911 2595 1094 2643 libellum,
1147 2596 1207 2645 qui
1252 2596 1447 2644 inscriptus
1494 2598 1551 2629 est

183 2670 494 2720 „Bemeriuuigen
525 2669 617 2707 iiber
649 2669 714 2707 das
747 2668 998 2716 Quadratbein
1027 2668 1099 2706 und
1123 2668 1181 2706 die
1201 2666 1463 2706 Paukenhohle
1485 2665 1551 2704 der
