1752 2927
893 56 924 101 4

170 200 242 226 uno
274 193 409 226 tantum
440 198 528 225 osse
559 192 730 224 constare
761 186 936 224 videatur.
999 186 1055 224 De
1087 193 1252 237 tempore
1285 193 1321 225 et
1350 189 1448 225 serie
1479 199 1644 225 conere-

171 262 280 298 tionis
310 260 403 312 apud
436 260 578 310 singula
611 271 696 297 ossa
730 259 1032 310 disceptabimus.

707 378 746 418 1.
776 378 899 417 Ossa
922 377 1109 417 frontis.

283 452 380 490 Ossa
410 451 554 499 frontis,
593 453 706 489 cranii
737 453 892 489 maxima
934 464 1053 501 eaque
1091 453 1125 488 in
1156 449 1255 501 pullo
1293 462 1442 501 semper
1473 450 1644 500 duplicia,

172 531 292 563 sutura
323 525 449 575 longa,
489 536 584 575 quae
622 524 838 574 longissima
878 525 988 562 totius
1028 530 1083 561 est
1114 525 1240 571 cranii,
1280 525 1374 561 inter
1411 536 1452 560 se
1485 524 1644 560 coniun-

171 585 313 648 guntur.
377 598 481 645 Quae
520 603 644 635 sutura
682 610 793 648 quum
833 598 891 635 diu
923 603 1080 645 maneat,
1123 602 1315 647 utrumque
1354 609 1397 634 os
1437 596 1567 633 frontis
1600 607 1645 632 eo

173 671 316 709 demum
357 677 525 721 tempore
564 670 756 717 coalescit,
794 682 866 720 quo
906 675 1077 707 caeterae
1118 674 1264 707 suturae
1303 670 1373 706 iam
1404 681 1471 719 per
1500 667 1647 717 longius

172 750 317 795 tempus
348 749 585 781 evanuerunt.
645 743 847 794 Utrumque
888 755 931 780 os
969 743 1098 780 frontis
1137 742 1292 780 formam
1323 742 1435 780 habet
1465 741 1647 778 conchae.

171 818 262 856 Pars
293 816 427 855 nasalis
459 822 516 854 est
546 828 677 866 magna
718 822 754 853 et
790 815 903 864 longe
941 816 1184 866 protenditur.
1253 815 1345 853 Nam
1390 827 1500 865 quum
1531 815 1649 851 omnis

173 902 258 942 pars
289 890 432 928 facialis
464 889 561 940 apud
592 901 681 926 aves
714 890 831 938 magis
871 890 906 926 in
937 888 1200 937 longitudinem
1233 894 1269 924 et
1298 889 1333 925 in
1364 887 1521 925 frontem
1553 898 1647 937 pro-

173 963 395 1011 tenderetur,
436 964 543 1000 etiam
578 974 664 1000 ossa
705 962 750 999 ad
789 961 884 999 hanc
923 966 1063 1011 partem
1095 962 1313 1010 pertinentia
1345 960 1523 997 eiusmodi
1553 971 1648 1010 pro-

172 1038 287 1088 priam
318 1036 472 1074 sormam
503 1035 644 1073 hahere
675 1047 835 1074 necesse
866 1034 943 1072 fuit.
1016 1034 1240 1084 Superlic-ies
1280 1039 1431 1071 externa
1463 1039 1519 1070 est
1551 1044 1648 1070 con-

175 1122 282 1158 vexa,
323 1111 462 1147 interna
507 1120 684 1146 concava.
761 1107 995 1155 Coniunciio,
1035 1119 1129 1157 quae
1169 1108 1261 1144 inter
1301 1107 1432 1145 frontis
1483 1118 1570 1144 ossa
1614 1111 1650 1142 et

175 1189 322 1221 caetera
353 1183 544 1230 invenitur,
576 1181 671 1219 haee
703 1187 777 1219 est:
829 1180 994 1218 Alterum
1027 1181 1122 1218 enim
1153 1192 1196 1217 os

288 1254 331 1305 1)
364 1267 412 1293 ex
442 1255 616 1293 interiore
655 1260 759 1305 parte
801 1266 881 1292 cum
913 1253 1028 1291 altero
1062 1254 1295 1302 coniungitur
1335 1258 1458 1290 sutura
1491 1251 1648 1300 frontali,

287 1326 331 1378 2)
362 1329 407 1367 ad
438 1330 683 1380 posteriorem
715 1334 856 1378 partem
887 1333 1060 1378 spectans
1093 1332 1215 1364 sutura
1247 1325 1413 1363 coronali
1445 1337 1528 1362 eum
1562 1336 1649 1362 osse

175 1403 341 1454 parietali
373 1404 614 1440 connectitur.
685 1401 789 1449 Quae
829 1407 952 1439 sutura
992 1401 1150 1437 maxime
1180 1399 1265 1437 ideo
1298 1398 1546 1437 memorabilis
1579 1403 1649 1446 est,

177 1477 276 1528 quod
308 1478 467 1514 omnium
499 1476 716 1525 longissime
747 1471 985 1526 pe1·inanet‘³²‘)
1022 1479 1131 1523 atque
1163 1473 1344 1510 interdum
1375 1473 1473 1509 initia
1505 1477 1650 1508 suturae

177 1562 288 1588 verae
319 1548 497 1600 praebet.¹

289 1619 334 1672 3)
367 1622 396 1660 Ε
429 1628 532 1673 parte
564 1623 747 1659 anteriore
781 1633 899 1672 eaque
931 1621 1140 1670 posteriore
1181 1619 1326 1669 quidem
1359 1618 1466 1669 plano
1499 1624 1650 1668 tempo-

177 1696 243 1735 rali
273 1708 353 1734 eum
386 1702 489 1747 parte
521 1707 717 1746 squamosa
751 1696 847 1732 ossis
880 1701 1099 1744 temporum,
1359 1726 1373 1738 ,

287 1766 331 1817 4)
364 1770 419 1807 Ex
450 1769 623 1806 inferiore
657 1781 775 1818 eaque
807 1769 980 1805 interiore
1013 1773 1116 1816 purte
1149 1778 1229 1802 enm
1261 1764 1328 1802 alis
1368 1764 1549 1815 (maguis)
1581 1776 1651 1801 os-

178 1845 229 1882 sis
260 1843 477 1894 sphenoidei
507 1849 543 1879 et
574 1854 655 1879 cum
688 1841 817 1879 lamina
852 1839 1143 1891 perpemliculuri
1177 1840 1275 1876 essis
1307 1838 1517 1885 etlunoidei,

290 1914 333 1965 5)
365 1917 423 1954 Ex
454 1917 637 1954 auteriore
667 1923 770 1964 parte
802 1921 925 1953 sutura
947 1916 1068 1965 spuria
1101 1912 1335 1963 (squamosa)
1368 1924 1447 1948 cum
1471 1923 1558 1948 osse
1578 1922 1650 1948 na-

179 1991 246 2030 sali
277 1993 521 2041 coniungitur.

290 2066 329 2103 In
370 2071 524 2115 utroque
564 2076 651 2101 osse
689 2064 818 2100 frontis
857 2074 1053 2100 corvorum
1101 2067 1174 2098 tres
1216 2065 1338 2111 partes
1381 2059 1648 2106 discernuntur,

179 2151 263 2191 pars
301 2138 487 2185 frontalis,
529 2149 613 2186 pars
654 2135 819 2173 orbitalis
851 2141 888 2173 et
926 2147 1010 2186 pars
1049 2133 1205 2181 uasahs,
1244 2133 1289 2171 de
1330 2132 1461 2183 quibus
1498 2130 1653 2180 singulis

180 2224 275 2251 nune
304 2224 418 2262 agere
448 2210 630 2248 volumus.

291 2297 325 2322 a.
357 2285 466 2322 Pars
498 2281 744 2329 fron-talis,
778 2282 856 2319 sere
878 2280 1121 2329 triangularis,
1142 2271 1396 2329 ex'superiore
1415 2285 1450 2316 ct
1467 2279 1653 2316 exteriore

180 2365 282 2411 parte
300 2370 480 2404 convexa,
508 2369 553 2394 ex
569 2356 742 2394 inferiore
759 2361 794 2392 et
811 2355 985 2392 interiore
1009 2365 1187 2401 concava,
1213 2354 1387 2390 maiorem
1406 2357 1547 2402 partem
1568 2351 1652 2389 l'or-

265 2571 294 2612 ⁸)
321 2571 357 2602 In
385 2570 497 2602 cranio
526 2569 669 2612 quodam
698 2569 792 2600 corvi
819 2578 962 2600 corones
989 2567 1122 2599 circiter
1148 2576 1267 2598 noveni
1296 2575 1425 2597 menses
1445 2565 1512 2596 uati
1528 2563 1655 2595 hancce

320 2629 467 2665 suturam
495 2632 582 2664 bene
607 2631 765 2674 cognovi,
793 2632 869 2663 duni
897 2631 1040 2673 xestigia
1068 2635 1190 2661 lautum
1210 2635 1346 2661 suturae
1365 2627 1517 2660 frontalis
1536 2626 1655 2658 adsunt

321 2702 354 2728 et
379 2701 533 2728 (velletne
558 2694 621 2726 iani
650 2694 749 2736 plane
773 2699 991 2726 evanuerunt.
