1752 2927
876 85 936 129 56

168 223 348 268 tamquam
381 216 633 266 complanatus
663 222 829 267 apparet,
861 228 970 267 quem
996 228 1231 266 processum
1264 214 1499 253 calcaneum
1519 216 1644 253 nomi-

168 303 262 328 nem.
324 291 391 328 Hic
421 292 585 341 primitus
616 302 636 328 e
669 289 811 328 duobus
842 289 1088 339 singularibus
1125 288 1388 339 processibus,
1425 294 1510 339 post
1548 300 1645 326 coa-

169 363 297 411 lituris,
329 363 473 401 videtur
504 370 690 401 constare.
748 362 788 400 In
820 364 942 400 corvis
972 363 1092 400 inveni
1123 374 1206 400 eum
1228 368 1385 412 quatuor
1405 361 1645 399 foraminibus

170 437 341 476 deorsum
373 439 565 475 conversis
596 436 835 487 perforatum,
868 435 999 486 quibus
1030 441 1186 486 quatuor
1206 435 1400 473 canaliculi
1422 434 1528 485 plane
1553 436 1648 472 inter

167 523 209 548 se
239 510 408 548 disiuncti
440 509 651 558 redduntur,
682 522 748 558 per
778 520 872 560 quos
902 509 1070 547 tendines
1101 507 1349 546 musculorum
1381 508 1559 546 nexorum
1584 508 1645 546 di-

166 585 324 633 gitorum
356 583 595 621 descendunt.
658 583 846 633 Superiori
876 593 1079 632 processus
1110 581 1274 619 calcanei
1305 582 1459 630 margini
1489 581 1648 630 infigitur

167 656 287 695 valida
317 656 430 695 tendo
463 655 616 694 musculi
646 656 922 705 gastrocnemii.
981 654 1112 693 Totum
1132 655 1220 693 tarsi
1251 653 1443 705 capitulum
1474 655 1509 692 in
1539 653 1647 705 pullis

171 736 292 768 exstat
322 731 425 781 quasi
457 729 645 781 epiphysis
677 728 886 778 singularis.

282 803 321 841 In
351 805 535 841 anteriore
567 804 795 853 corporis
826 803 912 839 tarsi
935 806 1038 851 parte
1060 800 1152 838 duae
1182 801 1218 838 in
1250 801 1373 838 corvis
1398 800 1532 838 cristae
1552 811 1646 850 per-

169 878 389 928 spiciuntur,
436 888 530 926 quae
569 877 603 913 in
641 881 798 932 utroque
839 873 1000 922 condylo
1041 879 1144 911 ortae
1183 871 1439 924 parallelarum
1469 872 1647 910 linearum

170 953 311 988 ratione
343 949 582 988 descendunt.
641 948 739 986 Inter
776 960 839 986 eas
877 946 1014 985 sulcus
1050 948 1204 984 interest
1234 944 1547 997 lonyitudinalis
1577 958 1648 983 an-

170 1024 309 1066 terior,
341 1025 375 1061 in
407 1035 478 1073 quo
509 1022 677 1060 tendincs
708 1020 953 1059 musculorum
985 1025 1173 1058 tensorum
1205 1019 1444 1057 descendunt.
1504 1019 1543 1056 In
1571 1030 1648 1070 po-

172 1099 328 1136 steriore
358 1103 461 1147 parte
490 1097 578 1133 tarsi
609 1095 747 1133 similes
778 1095 872 1133 duae
904 1094 1181 1144 conspiciuntur
1212 1094 1358 1139 cristae,
1391 1104 1541 1143 quarum
1573 1104 1648 1130 ex-

169 1177 273 1209 terna
303 1169 435 1218 valida,
467 1171 605 1207 interna
639 1170 772 1218 exigua
804 1173 872 1206 est.
933 1167 1031 1205 Inter
1061 1178 1125 1204 eas
1156 1178 1306 1217 quoquc
1336 1166 1460 1203 sulcus
1481 1167 1647 1213 interest,

169 1246 230 1295 qui
269 1245 400 1294 recipit
438 1242 604 1280 tendines
643 1241 822 1280 ssexorum
863 1240 1125 1278 musculorum.
1201 1238 1345 1278 Ambae
1385 1240 1472 1277 tarsi
1507 1243 1646 1289 partes,

173 1324 209 1355 et
247 1318 407 1355 anterior
445 1321 482 1353 et
519 1316 727 1366 posterior,
766 1313 856 1352 infra
896 1313 1077 1362 condylos
1108 1311 1254 1351 duobus
1290 1311 1542 1360 foraminibus,
1582 1323 1649 1362 per

172 1403 267 1442 quae
298 1402 386 1428 vasa
417 1389 636 1440 procedunt,
667 1390 760 1426 inter
790 1399 831 1425 se
861 1388 1067 1436 iunguntur.

287 1463 497 1502 Inferior
527 1463 623 1500 ossis
655 1462 741 1499 tarsi
773 1457 922 1498 maioris
954 1471 1083 1511 parS,
1116 1458 1223 1497 latior
1253 1464 1289 1497 et
1320 1463 1503 1509 tamquam
1534 1468 1648 1495 com-

171 1548 338 1588 pressuS,
383 1537 419 1573 in
456 1541 530 1574 tres
570 1546 704 1586 parvos
743 1533 938 1584 comlylos
976 1532 1116 1571 duabus
1154 1538 1210 1570 sat
1240 1532 1320 1570 altis
1350 1532 1538 1579 incisuris,
1583 1543 1651 1582 per

176 1622 266 1661 quas
297 1608 466 1647 tendines
496 1607 746 1646 musculorum
777 1607 955 1645 nexorum
987 1606 1182 1655 digitorum
1213 1606 1247 1643 in
1269 1605 1427 1655 plantam
1449 1610 1648 1652 transeunt,

172 1685 329 1721 invicem
360 1687 583 1732 segregatos
613 1680 792 1731 procedit.
854 1679 965 1717 Hisce
996 1678 1110 1716 tribus
1142 1680 1177 1716 in
1198 1678 1379 1727 condylis,
1411 1689 1564 1728 quorum
1586 1678 1649 1715 in-

173 1762 299 1794 ternus
330 1756 510 1793 maximus
539 1755 621 1805 ipse
651 1753 723 1791 lcvi
754 1753 859 1791 sulco
890 1751 1143 1802 longitudinali
1172 1753 1207 1789 in
1239 1751 1327 1789 duas
1357 1757 1481 1801 partes
1512 1750 1649 1788 dividi—-

173 1836 242 1878 tur,
274 1830 412 1880 primae
443 1827 646 1879 phalanges
683 1828 789 1865 trium
831 1826 1025 1875 digitorum
1064 1825 1170 1875 pedis
1219 1826 1440 1862 anteriorum
1478 1823 1648 1861 insident.

175 1904 213 1942 ln
243 1902 417 1940 inferiore
447 1907 552 1952 parte
582 1902 680 1938 ossis
709 1901 797 1938 tarsi
827 1900 977 1937 maioris
1016 1906 1053 1936 et
1090 1911 1198 1949 supra
1229 1899 1407 1935 internum
1438 1898 1542 1934 trium
1575 1908 1650 1933 eo-

173 1989 250 2014 rum
282 1974 478 2025 condylum
510 1975 703 2012 excavatio
735 1973 828 2011 levis
860 1973 1034 2019 cernitur,
1066 1983 1160 2022 quae
1190 1972 1323 2022 recipit
1345 1982 1388 2008 os
1409 1971 1497 2008 tarsi
1518 1971 1647 2008 minus.

666 2081 716 2120 2.
756 2080 823 2120 Os
846 2080 965 2119 tarsi
988 2080 1157 2119 minus.

287 2156 367 2195 Hoc
405 2168 555 2207 parvum
594 2155 795 2194 ossiculum
843 2155 1087 2192 excavatione
1124 2154 1194 2191 iam
1241 2157 1442 2190 memorata
1487 2149 1650 2188 inferiori

173 2231 265 2282 parti
305 2231 402 2268 ossis
439 2231 527 2267 tarsi
565 2230 716 2267 minoris
755 2228 975 2274 adhaerens,
1013 2226 1105 2264 infra
1142 2225 1313 2277 procedit
1350 2226 1384 2263 in
1424 2222 1649 2274 condylum,

175 2304 236 2353 qui
276 2305 356 2354 ipse
400 2303 505 2340 sulco
551 2300 805 2351 longitudinali
853 2302 1049 2337 instructus
1092 2300 1251 2348 iungitur
1294 2298 1434 2348 primae
1478 2295 1652 2346 phalangi

175 2375 342 2413 hallucis.
401 2375 599 2413 Praeterea
629 2386 672 2412 os
703 2374 792 2411 tarsi
822 2374 939 2410 minus
971 2384 1051 2410 cum
1083 2372 1257 2409 interiore
1288 2370 1451 2419 margine
1473 2370 1651 2406 internum

176 2447 374 2498 condylum
405 2449 502 2486 ossis
533 2449 621 2485 tarsi
652 2447 802 2484 maioris
833 2447 961 2494 tangit.

644 2565 696 2604 3.
738 2565 805 2604 Os
829 2563 1177 2603 sesamoideum.

289 2640 329 2678 ln
358 2641 570 2691 posteriore
601 2645 705 2690 parte
736 2638 850 2676 calcis
880 2650 1031 2688 parvum
1062 2636 1159 2687 apud
1189 2646 1326 2674 corvos
1355 2635 1478 2673 inveni
1499 2635 1652 2672 ossicu-

174 2712 263 2762 lum,
294 2714 392 2764 quod
424 2723 467 2751 os
499 2712 769 2751 sesamoideum
800 2716 966 2749 vocatur.
1033 2710 1126 2749 Huic
1164 2708 1303 2747 similes
1343 2707 1551 2746 functiones
1590 2707 1652 2744 vi-
