1752 2927
880 97 942 142 30

282 230 317 268 b.
350 230 579 281 Epistrop
591 230 706 268 heus
729 229 792 268 illo
811 243 1011 281 processu
1032 229 1281 268 odontoz'deo
1307 242 1417 281 supra
1446 230 1656 277 instructus,

165 310 235 353 est,
276 306 334 354 qui
376 305 546 354 proprius
586 309 643 341 est
680 304 765 341 huie
805 304 1015 342 vertebrae.
1092 303 1162 351 Qui
1208 316 1412 355 processus
1462 305 1496 341 in
1534 304 1658 341 corvis

166 390 333 427 magnus,
366 378 400 414 iu
432 379 539 428 apice
572 376 796 428 capitulum
827 377 995 429 praebet„
1036 377 1134 428 quod
1173 377 1374 427 ligamento
1414 379 1449 416 in
1488 377 1547 415 illa
1579 378 1657 428 ipsa

166 451 311 490 atlantis
343 451 445 489 fossa
477 452 547 489 iam
580 457 783 489 memorata
815 451 939 490 atlanti
983 452 1154 500 iungitur.
1229 451 1326 489 Ante
1366 451 1462 489 hunc
1492 462 1657 502 proces—

167 538 245 563 sum
276 525 510 576 snperfi'ct’es
539 525 720 576 quaedam
752 531 810 563 est
840 524 1093 568 articularis,
1131 536 1226 575 quae
1267 536 1348 562 cum
1388 524 1533 562 atlantis
1566 536 1659 562 cor-

167 611 259 650 pore
297 611 366 650 per
404 598 640 648 ligamentum
682 599 872 637 cohaeret.
922 599 988 641 *In
1027 600 1238 649 posteriore.
1281 598 1508 649 epist1·0phei
1540 603 1659 649 parte,

167 675 228 724 qui
258 685 380 710 arens
410 678 578 721 vocatur,
605 685 826 724 processus
854 673 1045 723 spinosus
1077 673 1302 723 (posterior)
1343 678 1399 710 sat
1430 684 1585 721 magnus
1615 683 1661 709 ac

167 746 323 784 declivis
367 752 447 793 est,
493 759 612 797 prope
659 759 767 797 quem
810 746 902 784 duos
938 759 1160 797 processus
1207 745 1397 797 obliquos
1441 746 1661 797 inferiores

167 821 381 870 aspicimus,
414 832 566 870 quorum
598 820 838 871 superficies
868 819 1130 865 articulares-
1146 819 1191 857 ad
1223 821 1406 857 anteriora
1430 826 1465 857 et
1487 819 1660 857 inferiora

168 899 349 942 spectant.
427 891 581 931 lnferior
621 895 791 944 corporis
830 894 1060 944 epistrophei
1102 905 1186 944 pars
1218 900 1386 942 angusta,
1435 905 1455 930 e
1486 892 1661 931 lateribus

169 979 400 1018 compressa,
433 968 688 1018 superficiem
721 967 982 1006 articularem
1015 967 1139 1015 habet,
1172 980 1267 1018 quae
1299 967 1343 1005 ab
1377 969 1562 1005 anteriore
1593 979 1659 1005 re-

167 1043 280 1090 gione
319 1043 566 1092 posteriorem
607 1053 736 1080 versus
776 1047 955 1079 excavata
998 1047 1066 1078 est.
1136 1040 1248 1079 Cuius
1287 1042 1500 1092 superliciei
1531 1053 1660 1089 margo

168 1116 330 1153 anterior
370 1115 477 1152 valde
515 1117 752 1166 prominens,
799 1116 898 1153 flexo
946 1114 1044 1153 collo
1092 1116 1292 1153 immittitur
1329 1115 1463 1152 foveae
1502 1115 1660 1162 cuidam,

168 1201 263 1240 quae
303 1195 360 1226 est
402 1190 435 1227 in
476 1191 669 1239 superiore
709 1195 814 1240 parte
855 1190 1085 1239 insequentis
1124 1189 1332 1226 vertebrae.
1407 1189 1444 1226 ln
1477 1190 1661 1226 anteriore

168 1263 395 1313 epistrophei
428 1264 597 1313 corporis
630 1269 733 1314 parte
764 1275 968 1313 processus
991 1262 1227 1313 estquidam,
1261 1263 1334 1313 qui,
1367 1275 1476 1312 quum
1496 1274 1660 1313 respon-

169 1336 254 1374 deat
291 1337 445 1387 spinoso
484 1338 704 1387 posteriori,
752 1337 941 1387 spinosus
981 1337 1165 1374 ‹mlerior
1203 1342 1367 1374 vocatur.
1444 1336 1496 1373 llli
1537 1336 1662 1387 plures

169 1410 323 1448 musculi
355 1410 563 1459 affiguntur,
596 1412 655 1461 qui
689 1410 822 1448 collum
856 1410 1018 1448 flectunt.

284 1497 316 1521 c.
363 1484 518 1522 'l‘ertia
553 1490 598 1521 et
629 1491 794 1534 quarta
838 1484 924 1522 colli
964 1483 1189 1522 vertebra
1223 1483 1380 1522 inedium
1414 1489 1539 1522 tenent
1569 1485 1663 1521 inter

169 1558 446 1608 epis—tropheum
480 1563 516 1594 et
547 1557 632 1595 colli
666 1558 856 1595 vertebras
889 1563 1070 1595 caeteras.
1133 1557 1280 1608 Corpus
1312 1558 1552 1608 epistropheo
1577 1569 1660 1594 ma-

169 1633 238 1678 ius,
271 1631 337 1668 sed
372 1630 483 1668 multo
517 1631 665 1668 brevius
698 1637 754 1668 est
785 1643 891 1682 quam
925 1632 1193 1681 insequentium
1227 1631 1490 1669 vertebrarum.
1559 1630 1664 1668 Pro-

171 1717 306 1742 eessus
334 1705 505 1755 spinosi,
547 1710 583 1742 et
614 1706 839 1743 anteriores
871 1711 905 1742 et
942 1705 1203 1756 posteriores,
1243 1705 1352 1756 plane
1391 1706 1664 1756 perspiciuntur

171 1785 207 1817 et
238 1778 486 1828 magnitudine
519 1778 717 1817 excellunt.
790 1780 909 1830 Supra
951 1792 1135 1830 quemque
1175 1792 1413 1830 processum
1457 1779 1662 1829 spinosum

172 1854 413 1890 anteriorem
444 1865 557 1903 parva
589 1859 646 1890 est
674 1855 806 1904 fossa,
846 1855 879 1891 in
920 1865 1045 1904 quam,
1087 1855 1117 1891 si
1149 1853 1307 1891 flectitur
1345 1852 1494 1900 collum,
1532 1864 1662 1902 margo

171 1928 334 1964 anterior
363 1928 528 1964 eminens
568 1929 737 1977 corporis
774 1927 972 1965 vertebrae
1011 1928 1214 1978 superioris
1254 1928 1471 1973 immittitur,
1516 1932 1553 1964 ut
1591 1927 1663 1965 iam

171 2002 205 2038 in
229 2000 456 2051 epistmphei
479 2000 732 2051 descriptione
755 2003 1141 2039 commemoravimus.
1202 2000 1355 2038 Hancce
1377 2000 1524 2039 foveam
1546 2012 1663 2051 prae-

171 2079 228 2111 ter
257 2076 399 2112 tertiam
432 2079 469 2111 et
499 2080 664 2125 quartam
696 2076 730 2113 in
763 2077 886 2126 quinta
917 2081 1056 2113 tantum
1089 2074 1259 2112 vertebra
1291 2074 1376 2113 colli
1399 2076 1662 2126 conspicimus.

171 2147 341 2198 Denique
380 2149 414 2185 in
456 2147 527 2185 illis
568 2148 709 2186 duabus
751 2150 932 2187 vertebris
972 2149 1087 2200 prima
1128 2149 1331 2186 invenimus
1370 2150 1467 2186 initia
1494 2161 1664 2199 proees-

171 2233 283 2257 suum
312 2224 649 2265 transversorum,
682 2223 744 2272 qui
775 2224 924 2260 omnino
957 2223 1083 2272 exigui
1113 2222 1209 2273 apud
1241 2234 1344 2269 aves,
1386 2223 1420 2259 in
1453 2221 1540 2259 colli
1570 2234 1662 2260 ver-

173 2285 287 2344 tebris
318 2306 387 2331 una
430 2306 512 2332 cum
552 2294 796 2345 processibus
836 2295 996 2345 obliquis
1033 2295 1287 2346 superioribus
1327 2295 1491 2333 canalem
1532 2301 1662 2333 verte-

174 2367 310 2404 bralem
344 2367 517 2405 formant.
578 2368 617 2406 ln
658 2369 844 2406 anteriore
874 2374 979 2419 parte
1009 2371 1199 2419 utriusque
1231 2380 1432 2419 processus
1462 2370 1664 2407 transversi

173 2446 210 2477 et
240 2441 338 2478 iuxta
369 2452 588 2490 processum
620 2442 809 2492 spinosum
840 2443 1061 2480 anteriorem
1084 2443 1225 2492 spinam
1257 2442 1438 2492 quandam
1467 2448 1662 2480 retrover—

173 2525 251 2550 sam
282 2513 619 2562 animadvertimus,
652 2527 762 2565 quem
794 2515 1006 2565 Meursinge
1031 2527 1269 2566 processum
1289 2516 1495 2566 spinosum
1517 2515 1664 2554 latera-

174 2585 246 2624 lem
278 2592 401 2624 vocat.
461 2587 687 2637 Superficies
718 2588 932 2626 articulares
961 2600 1206 2638 processuum
1230 2587 1462 2639 obliquorum
1485 2590 1661 2640 superio-

172 2672 249 2697 rum
281 2661 315 2697 in
346 2660 402 2698 his
433 2659 574 2698 duabus
604 2661 799 2699 vertebris·
835 2661 879 2699 ad
919 2663 1111 2712 superiora
1150 2668 1186 2699 et
1230 2663 1458 2712 posteriora,
1497 2674 1661 2712 proces—

173 2744 277 2770 suum
309 2732 541 2782 obliquorum
572 2733 784 2772 inferiorum
817 2735 862 2772 ad
895 2737 1077 2773 anteriora
1110 2741 1147 2772 et
1169 2735 1342 2773 inferiora
1366 2741 1546 2786 spectant,
1578 2736 1661 2773 dum
