1752 2927
894 55 953 99 10

181 187 369 237 posterior
404 197 592 237 squamam
632 186 887 237 temporalem.
953 186 1180 237 Superlicies
1221 184 1386 223 orbitalis
1425 196 1556 236 aspera
1596 187 1658 224 in-

181 266 318 298 structa
357 265 414 297 est
452 259 616 310 pluribus
645 259 868 308 tuberculis,
919 261 1079 297 maxime
1118 258 1253 306 tribus,
1301 258 1433 309 quibus
1472 258 1658 296 musculus

182 332 533 371 orbito-maxillaris
580 332 765 370 adhaeret.
826 334 1027 383 Supremus
1072 333 1178 382 isque
1223 338 1409 369 extremus
1461 332 1540 369 [inis
1581 331 1659 369 fere

181 406 303 444 medio
343 407 379 443 in
417 408 580 455 margine
617 405 762 444 orbitali
793 407 1001 457 posteriore
1028 418 1262 456 processum
1291 403 1658 455 spleenoorbltalem

180 479 336 528 format,
387 481 447 530 qui
486 481 519 518 in
557 479 664 530 pullis
703 479 851 530 quidem
883 481 1039 529 exiguus
1071 485 1229 526 tantum,
1283 480 1317 516 in
1356 477 1486 515 avibus
1526 477 1658 516 adultis

181 559 301 591 autem
342 554 430 590 satis
470 565 624 601 magnus
665 554 856 590 invenitur.
918 554 1077 604 Semper
1122 552 1217 603 apud
1259 563 1393 589 corvos
1432 557 1504 589 tam
1542 551 1659 589 libere

181 628 383 678 prominet,
416 632 453 664 ut
475 639 654 677 nunquam
677 638 763 663 sese
786 638 866 663 cum
884 639 1080 676 processu
1102 624 1274 663 orbitali
1297 625 1529 674 posteriore
1561 636 1658 662 eon-

182 701 319 749 iungat,
351 702 400 738 uti
431 700 527 750 apud
558 707 745 737 tetraones
777 699 941 750 aliasque
972 711 1074 737 aves.
1135 698 1229 736 Huic
1260 700 1454 748 processui
1490 699 1659 735 anterio-

181 785 241 811 res
273 773 425 811 librillae
456 773 611 811 musculi
640 772 853 823 temporalis
885 773 1028 810 adfixae
1061 778 1154 810 sunt.
1206 772 1401 809 Praeterea
1422 771 1659 820 ligamentum

181 846 226 884 ab
258 858 304 884 eo
335 846 381 884 ad
412 845 595 884 maxillam
625 845 837 884 inferiorem
868 845 1071 884 descendit.
1123 846 1348 895 Super-ficies
1379 846 1517 881 interna
1550 845 1660 881 crista

181 920 356 971 quadam,
407 925 509 957 extra
552 932 670 970 usque
711 919 757 957 ad
795 925 936 970 partem
977 925 1166 970 petrosam
1206 917 1458 956 descendente
1496 919 1531 954 in
1570 916 1660 954 duas

180 999 304 1044 partes
341 993 531 1041 dividitur,
582 1004 732 1044 quarum
772 992 884 1030 altera
923 991 1169 1039 cerebellum,
1220 991 1334 1029 altera
1375 989 1569 1028 cerebrum
1613 1001 1661 1027 ex

181 1073 285 1118 parte
316 1068 418 1116 tegit.

348 1181 572 1235 Appendix:
613 1184 722 1232 Quod
753 1184 964 1222 laminam
995 1183 1202 1235 tympani
1233 1183 1287 1220 sic
1321 1182 1453 1220 dictam
1483 1182 1654 1230 pertinet,

237 1271 344 1310 quam
376 1259 518 1297 Weber
547 1270 614 1309 pro
647 1270 735 1296 osse
766 1257 942 1308 singulari
972 1257 1103 1305 habet,
1137 1257 1222 1294 mihi
1253 1255 1412 1293 nondum
1442 1267 1658 1306 persuasum

238 1337 314 1381 est,
353 1345 429 1370 rem
469 1345 510 1370 se
549 1334 596 1370 ita
635 1331 786 1370 habere.
848 1331 912 1370 Illa
952 1331 1085 1368 lamina
1124 1335 1181 1367 est
1220 1330 1340 1367 tenuis
1379 1340 1492 1366 ossea
1523 1327 1658 1376 tabula,

236 1406 416 1444 simillima
439 1407 584 1455 trigono
607 1404 847 1455 aequilatero,
883 1405 985 1442 cuius
1016 1403 1117 1441 basis
1150 1403 1375 1441 convertitur
1406 1403 1440 1439 in
1471 1413 1515 1439 os
1546 1402 1657 1439 occi-

236 1481 334 1530 pitis,
367 1481 470 1517 cuius
501 1491 597 1529 apex
628 1480 758 1516 orienti
789 1484 910 1516 rostro
943 1476 1174 1528 sphenoidali
1205 1476 1372 1522 adiacet,
1406 1476 1507 1513 cuius
1538 1486 1656 1525 aequa

235 1553 350 1591 latera
381 1565 499 1603 usque
539 1552 583 1589 ad
617 1557 773 1589 meatum
805 1550 1022 1614 auditorium
1055 1555 1246 1587 externum
1279 1553 1496 1599 procurrunt
1527 1553 1562 1585 et
1592 1547 1659 1585 sub

238 1627 308 1664 line
347 1627 393 1664 ad
430 1624 581 1663 inferius
620 1624 743 1676 paullo
784 1624 880 1662 flexa
913 1630 1006 1661 sunt.
1065 1623 1216 1661 Hancce
1253 1622 1422 1660 laminam
1460 1633 1533 1659 non
1574 1633 1659 1658 esse

236 1700 393 1750 aliquam
433 1705 574 1749 partem
613 1699 711 1735 ossis
751 1698 942 1748 occipitis,
989 1697 1039 1734 uti
1075 1696 1262 1743 videatur,
1308 1707 1526 1746 persuasum
1572 1693 1656 1732 mihi

237 1780 319 1820 est,
370 1774 501 1811 craniis
539 1770 724 1823 pullorum
757 1770 1046 1820 gallinaceorum
1079 1775 1253 1807 accurate
1285 1773 1322 1805 et
1352 1767 1546 1816 diligenter
1576 1767 1658 1804 dis-

237 1848 398 1897 quisitis,
446 1858 598 1897 quorum
640 1857 725 1882 ossa
766 1857 914 1895 semper
952 1843 1048 1881 bene
1080 1843 1294 1893 perspicere
1326 1842 1439 1892 potui.
1500 1841 1549 1878 At
1578 1841 1659 1891 ipse

238 1921 389 1968 nescio,
436 1932 519 1957 num
561 1918 656 1956 haec
697 1917 828 1955 lamina
869 1917 912 1954 ad
954 1929 996 1954 os
1029 1915 1296 1967 sphenoideum
1328 1916 1510 1965 pertineat
1540 1926 1585 1952 an
1616 1925 1659 1951 os

237 1994 422 2044 proprium
463 1994 520 2030 sit.
584 1992 689 2038 Quae
727 2003 835 2042 quum
874 1992 921 2028 ita
961 1992 1049 2037 sint,
1099 1990 1274 2040 optimum
1315 1988 1400 2025 mihi
1440 1989 1555 2025 visum
1588 1992 1658 2035 est,

239 2066 407 2103 laminam
448 2067 553 2103 istam
595 2071 765 2115 tanquam
815 2065 1057 2114 appendicem
1096 2063 1193 2099 ossis
1233 2060 1451 2112 splieuoidei
1489 2066 1657 2108 tractare,

240 2152 349 2190 quum
373 2140 451 2177 eius
482 2144 643 2176 naturam
675 2137 833 2174 nonduin
865 2137 972 2188 plane
1006 2136 1259 2186 cognoverim.

661 2278 710 2317 5.
760 2277 882 2316 ossa
906 2281 1176 2326 temporum.

299 2386 477 2425 Constant
522 2391 661 2423 tantum
705 2398 724 2422 e
764 2384 927 2436 partibus
968 2384 1177 2434 squamosis
1215 2393 1259 2419 ac
1298 2383 1483 2431 petros-is..
1528 2380 1658 2431 Neque

186 2461 280 2498 enim
318 2461 352 2497 in
392 2459 513 2497 corvis
552 2471 671 2508 neque
712 2458 785 2495 ulla
825 2459 860 2495 in
899 2457 968 2495 alia
1007 2469 1077 2494 ave
1116 2455 1270 2503 contigit
1301 2455 1406 2501 milii,
1452 2460 1489 2491 ut
1519 2460 1658 2504 partem

188 2533 367 2584 quandam
400 2544 547 2570 osseam
579 2533 802 2581 reperirem,
843 2543 950 2581 quam
991 2540 1057 2579 pro
1095 2534 1199 2578 parte
1237 2527 1440 2564 mastoidea
1472 2527 1656 2564 ducerem.

187 2606 364 2644 Plurimos
396 2617 544 2656 quoque
575 2604 785 2652 musculos,
832 2605 892 2653 qui
932 2602 1020 2639 alias
1059 2601 1143 2639 huic
1183 2602 1276 2651 parti
1314 2599 1533 2647 adhaerent,
1579 2598 1659 2636 aliis

189 2679 358 2727 ossibus,
402 2678 630 2729 potissimum
667 2688 757 2715 vero
796 2675 960 2727 partibus
1000 2674 1209 2712 lateralibus
1248 2675 1345 2712 ossis
1384 2673 1575 2723 occipitis,
1624 2673 1660 2709 in
