1752 2927
937 89 987 122 VI

230 208 488 250 anatomiam
517 207 761 249 animalium
790 208 917 264 plane
948 207 1229 265 negligentes
1262 214 1395 263 atque
1417 207 1588 265 singula
1609 213 1703 248 tan-

228 295 320 329 tum
365 303 533 345 organa
576 288 643 329 vel
690 287 911 329 detractas
957 296 1000 328 et
1045 287 1224 329 effartas
1277 287 1516 329 bestiarum
1565 286 1701 343 pelles

231 376 483 425 spectantes
511 383 621 409 nova
648 375 888 423 systemata
915 374 1196 423 componant.

346 448 418 489 De
445 463 492 488 re
519 447 751 489 tractanda
779 447 893 489 haud
924 447 997 489 diu
1024 447 1249 498 haesitavi,
1278 462 1411 503 quum
1437 446 1584 503 plures
1605 445 1704 487 mihi

232 542 311 583 per
345 543 482 568 annos
517 528 558 569 in
595 527 846 585 zoologiam
885 527 1152 569 incumbenti
1186 542 1254 568 res
1290 526 1406 568 haud
1433 542 1604 582 paucae
1632 541 1706 566 oc-

233 615 485 660 currerent,
550 623 664 663 quae
718 607 1032 663 disquisitionis
1076 615 1383 664 argumentum
1427 606 1705 663 praeberent.

232 688 393 743 Itaque
428 703 562 744 quum
598 687 743 729 adhuc
769 688 882 728 inter
909 687 1127 744 zoologos
1157 687 1443 743 disceptetur,
1469 701 1571 727 num
1599 698 1709 729 (301¹-

234 780 322 809 vus
362 765 525 810 cornix
564 773 610 810 et
649 780 822 810 corvus
862 779 1036 810 corone
1076 766 1231 808 eadem
1267 766 1439 823 species
1476 781 1529 807 an
1566 765 1708 807 diver-

235 861 311 887 sae
337 847 434 896 sint,
470 845 514 887 id
540 847 719 902 sumpsi,
759 855 805 888 ut
839 846 990 888 harum
1029 847 1168 888 avium
1204 846 1463 887 anatomiam
1502 852 1709 887 accurate

236 926 509 982 explorarem
539 934 582 968 et
608 926 906 983 comparando
936 942 1252 983 expromerem.
1291 925 1344 967 ad
1373 934 1541 966 certum
1568 925 1709 981 quod-

237 1005 336 1046 dam
362 1006 442 1047 hac
470 1005 524 1047 de
550 1021 597 1046 re
622 1006 827 1047 iudicium
855 1006 936 1047 liae
969 1006 1062 1047 sola
1099 1006 1164 1046 via
1192 1021 1271 1046 nos
1298 1011 1584 1061 perventuros
1612 1019 1710 1045 esse

236 1092 370 1127 ratus.
455 1087 598 1133 Quam
643 1100 732 1126 rem
775 1101 863 1141 quo
899 1085 1155 1143 diligentius
1189 1091 1538 1141 perscrutarem.
1582 1085 1710 1125 eliam

236 1166 340 1206 alias
368 1166 487 1207 corvi
513 1166 690 1222 generis
718 1166 907 1221 species,
934 1181 1049 1222 quae
1077 1164 1195 1221 apud
1221 1180 1300 1206 nos
1328 1164 1620 1216 inveniuntur,
1647 1165 1710 1205 in-

235 1245 464 1303 vestigavi,
492 1261 648 1302 nempe
670 1261 889 1298 coracem,
918 1245 1203 1303 srugilegum,
1232 1244 1526 1296 monedulam,
1555 1244 1710 1301 picam,

236 1325 528 1383 glandarium,
557 1333 911 1381 caryocalacten.

350 1405 497 1446 Primo
526 1405 704 1461 quidem
732 1405 976 1447 anatomiae
1010 1404 1163 1446 harum
1195 1404 1336 1445 avium
1374 1402 1542 1460 prolixe
1576 1402 1712 1443 omni--

240 1501 327 1541 que
355 1501 405 1526 ex
445 1493 568 1542 parte
604 1484 848 1527 tradendae
875 1484 1103 1526 consilium
1130 1483 1250 1541 cepi:
1289 1483 1370 1525 sed
1403 1483 1633 1539 quominus
1669 1481 1711 1523 id

236 1566 495 1621 perficerem
547 1565 809 1621 necopinato
864 1563 1194 1606 difficultatibus
1246 1563 1415 1620 magnis
1476 1562 1711 1619 impeditus

237 1660 358 1686 sum:
409 1644 530 1700 quod
574 1645 857 1687 vehementer
899 1644 1045 1687 doleo.
1129 1646 1404 1700 Quamquam
1449 1644 1561 1685 enim
1598 1658 1710 1684 anno

237 1724 350 1781 plus,
384 1725 507 1766 cuius
535 1726 670 1767 multo
698 1725 836 1767 maior
873 1741 973 1782 pars
1010 1724 1065 1766 ad
1091 1724 1285 1782 paranda
1313 1724 1558 1766 anatomica
1585 1738 1712 1780 prae-

237 1812 390 1862 parata
426 1805 510 1861 (sit
542 1806 664 1847 venia
699 1804 860 1862 verbo)
900 1804 1171 1846 conferenda
1207 1813 1322 1857 erat,
1358 1804 1398 1845 in
1437 1803 1518 1845 hac
1550 1818 1598 1844 re
1626 1811 1712 1844 tra-

239 1885 397 1927 ctanda
426 1901 798 1942 consumpseram,
832 1884 1027 1927 intellexi
1053 1894 1214 1937 tamen,
1253 1883 1374 1941 quod
1400 1884 1499 1926 mihi
1530 1898 1713 1924 conces-

238 1981 331 2007 sum
358 1965 453 2015 fuit,
493 1966 628 2007 otium
656 1965 711 2006 ad
739 1980 851 2022 opus
875 1980 1016 2006 meum
1040 1964 1364 2006 conficiendum
1385 1979 1472 2005 non
1492 1962 1712 2005 sufficere.

239 2045 380 2087 Hisce
405 2045 537 2087 rebus
565 2053 812 2087 commotus
844 2051 889 2086 et
916 2044 1174 2086 difficultate
1209 2043 1425 2086 cadavera
1450 2043 1554 2085 satis
1579 2042 1714 2084 multa

242 2132 286 2167 et
310 2125 473 2167 idonea
499 2111 679 2181 quoquo
716 2133 916 2180 tempore
945 2123 1201 2180 acquirendi
1227 2131 1409 2166 coactus
1437 2123 1560 2180 operi
1587 2124 1713 2164 finem

241 2203 348 2246 dare
391 2206 432 2246 in
467 2205 688 2261 praesenti
724 2211 769 2246 et
802 2204 914 2245 vires
951 2219 1069 2245 meas
1105 2204 1146 2246 in
1192 2203 1441 2261 osteologia
1488 2202 1714 2244 continere

240 2284 340 2326 mihi
364 2284 502 2326 visum
528 2291 608 2326 est.

357 2364 452 2405 Alia
487 2363 640 2405 melius
679 2362 909 2414 constitui,
953 2362 1034 2403 alia
1078 2362 1277 2404 subtilius
1325 2360 1531 2417 explicari
1563 2375 1713 2418 posse,

242 2443 445 2500 equidem
473 2443 593 2485 haud
625 2443 783 2500 ignoro
814 2442 1097 2499 lectoresque
1130 2457 1268 2499 rogo,
1310 2449 1360 2483 ut
1399 2441 1438 2482 in
1479 2439 1713 2481 iudicando

242 2523 467 2565 consilium
499 2523 744 2579 scriptionis
784 2522 1018 2579 respiciant
1050 2529 1094 2563 et
1129 2521 1258 2563 tironi
1288 2520 1451 2577 aliquid
1481 2519 1714 2562 remittant.

828 2690 854 2693 -
860 2679 959 2703 -ωῑξι-ῖ·
965 2674 1000 2709 Θ)
1007 2679 1116 2703 εῑεεεςε-
1128 2692 1131 2693 ⁷
