1752 2927
799 102 857 146 51

805 231 857 272 V.

487 309 585 351 ossa
615 308 826 360 digitorum
857 318 888 350 s.
919 308 1171 361 phalangam.

205 413 336 451 Corvis
366 425 515 463 quoquc
545 419 619 451 tres
651 419 734 450 sunt
765 413 887 462 digiti,
926 424 1081 462 quorum
1120 413 1256 462 primus
1286 410 1433 462 pollex,
1472 409 1565 448 alter

92 485 204 535 longe
235 488 413 523 maximus
444 498 463 523 a
495 485 675 524 nonnullis
707 486 843 535 digitus
875 485 984 523 index
1014 484 1185 534 (llligeri)
1216 490 1382 522 vocatur.

206 556 249 607 l)
291 558 458 597 Pollex
496 565 553 596 est
590 570 764 608 parvum,
804 559 1017 608 triquetrum
1048 564 1158 607 atque
1189 558 1224 595 in
1254 557 1360 607 apice
1393 555 1565 594 obtusum

92 631 314 679 ossiculum,
361 632 462 669 cuius
499 630 620 678 basis,
667 643 793 668 crassa
843 636 879 668 et
917 630 1113 680 superficie
1151 629 1336 667 articulari
1374 630 1563 676 instructa,

91 704 283 742 tuberculo
316 703 561 752 condyloideo
593 703 845 741 tuberositatis
876 702 1063 754 pollicaris
1095 702 1249 750 insidet,
1291 702 1336 740 de
1367 713 1437 752 qua
1468 701 1564 752 apud

93 788 136 815 os
167 778 368 828 metacarpi
398 778 468 814 iam
491 777 742 814 disseruimus.
801 776 1069 814 Tiedemannus
1091 775 1238 826 quidem
1260 775 1359 823 dicit,
1392 774 1566 826 pollicem

92 851 127 887 in
158 849 328 888 omnibus
359 850 488 888 avibus
521 862 541 887 e
573 847 764 899 duabus⁷'‘')
795 848 1039 901 phalangibus
1070 854 1262 896 constare;
1294 847 1360 886 sed
1383 859 1455 898 ego
1478 859 1566 885 om-

91 923 198 961 nibus
237 924 272 961 in
311 924 434 961 corvis
472 935 578 961 unam
620 928 755 961 tantum
794 923 928 960 inveni.
986 921 1140 960 Nitzsch
1186 934 1333 972 quoque
1375 922 1412 959 in
1458 922 1566 972 picis,

92 995 224 1046 quibus
253 996 436 1034 Linnaeus
469 1008 605 1034 corvos
635 996 870 1044 adnumerat,
909 1008 1016 1033 unam
1052 1001 1189 1034 tantum
1227 994 1375 1046 pollicis
1405 993 1566 1045 phalan-

92 1081 177 1118 gem
209 1070 357 1107 invenit.

205 1140 298 1193 Liy.
326 1141 533 1192 pollicare
562 1143 677 1191 iungit
707 1142 879 1192 pollicem
911 1141 1140 1179 tuberositati
1170 1141 1349 1192 pollicari.

204 1213 250 1263 2)
281 1215 469 1264 Digitus
502 1215 745 1253 secundus
777 1220 807 1253 s.
840 1215 982 1252 index
1013 1216 1174 1252 omnium
1206 1216 1384 1252 maximus
1416 1225 1437 1251 e
1469 1213 1565 1251 dua-

92 1287 160 1325 bus
191 1287 434 1338 phalangibus
465 1294 629 1336 constat,
676 1300 825 1338 quarum
865 1289 981 1339 prima
1020 1289 1136 1325 maior
1173 1289 1250 1325 ossi
1290 1288 1490 1337 metacarpi
1521 1299 1567 1324 ex

92 1367 196 1411 parte
227 1360 355 1399 similis
387 1367 455 1398 est.
515 1360 570 1399 Ea
601 1363 696 1399 enim
735 1363 770 1399 in
809 1361 994 1412 phalange
1034 1361 1127 1399 duos
1167 1373 1312 1408 ramos,
1353 1362 1388 1398 in
1426 1362 1566 1398 interna

92 1440 196 1485 parte
225 1434 335 1472 fovea
365 1435 553 1472 seiunctos
585 1434 811 1484 distinguere
841 1447 1050 1486 possumus
1103 1434 1282 1485 Superior
1312 1446 1397 1484 pars
1428 1445 1567 1484 super-

93 1508 212 1545 ficiem
251 1507 504 1554 articularem,
547 1519 656 1558 supra
693 1520 799 1558 quam
838 1507 1066 1545 tuberculum
1106 1507 1288 1557 quoddam
1328 1508 1565 1557 conspicitur,

93 1580 248 1631 praebet
286 1592 386 1618 ramo
426 1580 552 1618 radiali
593 1582 691 1618 ossis
730 1582 943 1632 metacarpi.
1002 1580 1133 1629 Margo
1172 1582 1334 1618 anterior
1368 1580 1567 1623 sulcorin-

92 1658 252 1692 structus
283 1659 351 1701 est,
384 1654 571 1704 posterior
600 1659 728 1691 contra
758 1665 868 1705 asper
897 1666 964 1705 per
992 1653 1056 1702 lig.
1079 1654 1324 1691 interosseum
1355 1665 1437 1691 cum
1458 1654 1566 1691 tertio

93 1726 206 1776 digito
239 1728 481 1765 connectitur.

205 1800 332 1838 Altera
355 1799 514 1851 phalanx
535 1812 661 1851 parva,
694 1799 884 1848 subacuta,
918 1811 1043 1837 crassa
1064 1800 1100 1837 in
1131 1798 1223 1848 basi,
1255 1805 1403 1850 praeter
1429 1811 1566 1850 super-

91 1873 212 1911 ficiem
242 1873 493 1920 articularem,
526 1886 596 1924 qua
626 1875 779 1924 primam
810 1873 1031 1924 phalangem
1063 1874 1225 1923 attingit,
1259 1873 1330 1912 duo
1361 1872 1565 1919 tubercula,

92 1952 128 1984 et
156 1948 343 1997 posterius
375 1951 411 1984 et
440 1948 601 1984 anterius
633 1946 755 1984 habet.

203 2019 242 2057 In
275 2019 388 2068 digito
420 2019 540 2057 indice
572 2020 665 2057 haec
694 2018 892 2068 ligamenta
924 2018 1142 2057 observavi:

204 2104 237 2130 a.
270 2091 361 2143 Liy.
394 2092 575 2130 anterius
606 2093 707 2130 ossis
733 2092 964 2142 metacarpi
992 2097 1030 2130 et
1054 2092 1216 2142 primae
1239 2089 1467 2143 phalanyc's
1497 2091 1567 2130 di-

88 2166 169 2216 yiti
204 2165 377 2203 secundi
412 2171 529 2203 ortum
575 2167 611 2204 in
655 2167 795 2203 interna
844 2171 948 2216 parte
997 2164 1176 2203 tuberculi
1220 2164 1426 2203 articularis
1470 2165 1568 2203 ossis

90 2239 293 2289 metacarpi
338 2238 531 2277 descendit
574 2239 619 2277 ad
665 2238 893 2277 tuberculum
938 2238 1134 2276 articulare
1188 2239 1326 2288 primae
1374 2237 1567 2289 phalangis

91 2311 194 2361 digiti
223 2311 390 2350 secundi.

201 2384 237 2422 b.
283 2383 376 2436 Liy.
424 2385 617 2422 internum
664 2385 764 2422 ossis
810 2384 1037 2434 metacarpi
1073 2388 1110 2422 et
1142 2384 1305 2435 primae
1345 2381 1568 2434 phalanye's

92 2456 215 2508 dz’yt‘ti
250 2457 424 2496 secundi
459 2457 574 2496 breve
611 2469 656 2495 ac
695 2459 836 2496 interna
876 2459 911 2495 in
959 2462 1062 2508 parte
1107 2457 1318 2507 superliciei
1363 2455 1567 2494 articularis

91 2531 189 2567 ossis
220 2532 423 2581 metacarpi
455 2537 573 2569 ortum
604 2532 743 2582 primae
773 2530 947 2582 phalangi
977 2529 1146 2579 affigitur.

159 2662 189 2703 ')
227 2662 262 2694 ln
297 2661 449 2706 pluribus
482 2663 600 2695 avibus
634 2663 842 2704 natantibus,
877 2670 913 2696 ut
945 2664 977 2695 in
1009 2663 1109 2696 fulica
1147 2669 1179 2695 ct
1204 2663 1415 2705 palaniedea,
1454 2661 1567 2704 pollex

93 2735 210 2757 revera
239 2736 256 2757 e
283 2725 411 2757 duabus
438 2725 661 2768 phalangibus
687 2732 830 2759 constat.
