1752 2927
864 87 928 133 48

854 283 934 325 IV.

687 378 840 421 ossa
889 378 1088 431 carpi

270 510 429 563 Carpum
469 513 589 550 avium
627 524 648 549 e
688 511 831 550 duobus
869 518 1006 550 tantum
1046 511 1195 550 ossibus
1244 516 1435 559 constare,
1482 523 1636 563 quorum

156 584 308 623 alterum
340 596 383 623 os
415 586 516 636 carpi
547 585 698 634 radiale,
730 585 884 624 alterum
915 598 958 623 os
984 587 1086 636 carpi
1107 585 1233 623 ulnare
1255 586 1473 633 nominetur,
1506 596 1637 624 omnes

158 658 276 709 probe
307 660 438 696 sciunt.
501 659 659 697 Accedit
688 671 796 697 unum
829 670 872 697 os
903 660 1117 710 metacarpi.

634 802 673 840 1.
721 801 787 840 Os
813 801 943 850 carpi
967 801 1163 839 radiale.

271 891 310 929 ln
341 891 413 929 hoc
445 890 608 929 ossiculo
640 903 755 942 parvo
786 902 831 929 ac
861 890 941 929 fere
972 890 1241 942 quadrilatero,
1274 890 1506 928 extrinsecus
1537 902 1636 929 con-

157 977 276 1013 vexo,
317 966 536 1002 intrinsecus
575 976 744 1002 concavo
783 976 850 1002 sex
886 964 1123 1015 superficies
1161 964 1441 1014 perspiciuntur.
1502 963 1635 1002 Earum

164 1040 332 1088 superior
353 1051 382 1075 s.
404 1037 592 1085 radialis,
624 1050 717 1088 quae
740 1037 969 1075 semilunaris
992 1043 1028 1075 et
1050 1049 1217 1075 concava
1237 1042 1402 1087 apparet,
1434 1043 1637 1075 extremum

159 1112 297 1149 radium
330 1111 574 1162 amplectitur.
633 1110 878 1162 Superficies
908 1111 1070 1148 interna
1098 1124 1128 1148 s.
1160 1109 1318 1148 ulnarz's
1355 1122 1487 1160 magna
1518 1122 1638 1161 eaque

160 1196 324 1222 concava
357 1185 507 1222 excellit
537 1184 646 1222 fovea
679 1184 848 1235 quadam,
881 1196 975 1235 quae
1007 1186 1170 1222 continet
1201 1184 1348 1221 bursam
1381 1195 1570 1221 mucosam
1602 1188 1639 1221 et

161 1269 241 1295 cum
282 1257 443 1308 capitulo
483 1257 591 1295 ulnae
629 1257 839 1307 ligamentis
872 1258 1062 1296 cohaeret.
1122 1257 1372 1308 Snperficz’es
1402 1257 1579 1308 inferior
1607 1270 1638 1293 s.

157 1332 399 1382 metacarpi,
431 1343 540 1382 quam
572 1330 758 1382 obliquam
791 1337 827 1368 et
857 1331 934 1369 fere
967 1331 1248 1382 quadrilateram
1282 1332 1417 1381 reperi,
1449 1342 1492 1368 os
1514 1335 1638 1368 meta-

159 1406 260 1456 carpi
298 1406 453 1454 attingit.
514 1405 554 1443 In
593 1405 809 1455 superficie
849 1403 981 1443 deinde
1021 1405 1226 1442 anteriore
1256 1416 1374 1455 eaque
1405 1415 1536 1455 aspera
1567 1403 1638 1441 duo

158 1476 370 1515 tubercula
401 1484 437 1515 et
466 1478 655 1528 superius
686 1484 722 1516 et
753 1479 947 1529 inferia-5,
980 1484 1189 1516 cernuntur.
1251 1477 1499 1528 Super-ficies
1529 1475 1638 1515 late-

158 1550 266 1588 rales
295 1563 433 1602 parvae
465 1556 548 1589 sunt
578 1562 623 1589 ac
655 1553 827 1601 exiguae.

630 1692 680 1730 2.
731 1690 798 1729 Os
823 1691 952 1740 carpi
976 1691 1157 1730 ulnare.

271 1782 368 1820 Osse
407 1783 508 1833 carpi
548 1781 674 1820 radiali
715 1782 836 1832 paullo
867 1783 983 1820 maius
1015 1782 1131 1820 forma
1163 1781 1338 1831 singulari
1368 1781 1447 1820 fere
1478 1781 1640 1820 hamuli—

161 1855 268 1893 formi
312 1857 458 1905 insigne
503 1861 572 1893 est.
653 1855 904 1893 Discernimus
958 1857 993 1894 in
1040 1868 1085 1893 eo
1134 1869 1286 1907 corpas
1330 1861 1366 1893 et
1404 1868 1641 1907 processum

159 1929 405 1966 uncinatum.
476 1927 568 1966 Illud
626 1928 780 1978 praebet
838 1934 914 1966 tres
960 1929 1178 1980 superficies
1228 1934 1264 1966 et
1314 1929 1386 1966 duo
1436 1928 1640 1967 tubercula.

161 2001 409 2053 Superficies
429 2001 588 2040 ulnaris
618 2002 851 2052 triangularis
883 2003 1115 2052 coniungitur
1136 2014 1217 2040 cum
1239 2001 1333 2040 ulna.
1393 2001 1642 2053 Super-ficies

160 2079 331 2113 externa
366 2075 446 2113 fere
485 2074 730 2126 quadrilatera
769 2077 905 2113 sensim
943 2078 979 2114 in
1009 2088 1229 2126 processum
1259 2076 1468 2113 uncinatum
1499 2076 1640 2123 transit,

161 2150 221 2200 qui
261 2148 370 2187 valde
410 2149 530 2186 flexus
569 2154 606 2186 et
644 2148 840 2198 condylum
878 2150 1058 2187 internum
1090 2150 1187 2187 ossis
1217 2149 1419 2200 metacarpi
1449 2147 1641 2198 amplexus

160 2234 229 2259 una
271 2234 352 2260 cum
392 2228 497 2272 parte
537 2221 712 2259 inferiore
751 2224 921 2273 corporis
960 2223 1058 2260 ossis
1099 2223 1200 2272 carpi
1239 2221 1375 2259 ulnaris
1405 2220 1640 2271 superficiem

161 2294 420 2333 semilunarem
451 2295 597 2333 format.
656 2294 696 2332 ln
726 2300 919 2345 utrumque
950 2294 1200 2342 tuberculum,
1241 2300 1277 2332 et
1305 2295 1467 2332 anterius
1498 2299 1535 2332 et
1563 2305 1640 2345 po-

162 2368 310 2416 sterius,
345 2368 498 2406 musculi
529 2369 750 2405 inseruntur.

273 2468 372 2506 Inter
402 2480 489 2506 ossa
521 2470 624 2519 carpi
655 2473 692 2505 et
721 2467 937 2507 antibraehii
967 2469 1061 2507 haec
1092 2469 1271 2507 intersunt
1301 2468 1517 2518 ligamenta:

275 2571 307 2597 a.
342 2557 460 2609 Liyy.
494 2557 661 2609 obliqua
691 2559 791 2595 ossis
819 2560 939 2608 carpi
955 2558 1127 2603 ulnaris,
1160 2560 1231 2598 duo
1253 2559 1371 2597 valida
1395 2558 1639 2608 [ligamenta]‚

162 2644 258 2683 quae
295 2633 331 2670 in
372 2644 555 2683 processu
594 2630 780 2680 styloideo
811 2631 919 2670 ulnae
951 2639 1030 2671 orta
1060 2633 1256 2682 affiguntur
1286 2634 1363 2671 ossi
1394 2633 1495 2683 carpi
1526 2631 1641 2669 ulnari

162 2711 250 2756 post
281 2706 360 2744 eius
390 2705 621 2744 tuberculum
651 2705 850 2755 posterius.
