1752 2927
805 94 830 137 3
839 93 866 138 3

93 239 218 264 eorum
249 228 401 264 interest
431 225 596 263 foramen
630 225 843 273 rotundum,
883 237 950 275 per
979 224 1078 274 quod
1110 222 1316 274 procedunt
1347 224 1447 260 nervi
1479 222 1572 259 dor-

91 299 203 337 sales.
265 299 490 337 processus
520 300 757 342 transversi,
796 309 888 349 quas
918 302 1043 348 partes
1073 303 1208 334 tantum
1240 308 1326 333 esse
1356 307 1574 346 processum

92 372 325 423 obliquorum
356 373 585 423 superiorum
625 383 736 422 supra
774 371 1161 417 commemoravimus,
1196 369 1294 420 plani
1326 375 1408 406 sunt
1439 374 1475 405 et
1504 380 1574 405 su-

92 446 263 496 perficies
298 445 512 483 articulares
549 444 751 483 tuberculis
791 450 979 482 costarum
1017 443 1108 481 infra
1149 443 1340 493 praebent.
1406 442 1574 492 Corpora

92 519 194 556 dorsi
222 518 474 556 vertebrarum
505 530 651 567 magna,
683 529 793 568 supra
825 529 1008 564 convexa,
1039 516 1130 553 infra
1153 527 1332 561 concava,
1364 516 1398 552 in
1419 521 1574 565 utroque

92 592 207 630 latere
238 592 347 630 fovea
378 591 563 630 articulari
594 592 768 628 instructa
799 594 884 626 sunt
913 601 980 639 pro
1013 588 1180 638 capitulis
1212 593 1410 625 costarum.

204 665 447 703 Postrema
479 663 729 710 vertebra,
772 662 851 699 sere
890 663 1038 699 omnino
1071 660 1131 698 ilei
1162 673 1250 698 osse
1280 666 1391 705 tecta,
1422 661 1574 710 saepis-

90 740 183 775 sime
215 750 295 775 cum
327 737 445 788 pelvis
477 736 659 774 vertebris
691 735 886 783 coalescit,
927 747 947 772 a
980 734 1111 785 quibus
1142 746 1188 771 eo
1220 734 1341 772 dill‘ert
1369 733 1468 784 quod
1501 745 1574 770 co-

91 817 171 848 stae
200 811 368 860 iungitur.

383 948 433 986 3.
470 948 732 986 Vertebrae
755 946 907 995 pelvis
932 957 970 984 s.
997 956 1049 983 os
1075 956 1272 983 sacrum.

205 1032 258 1070 Os
290 1044 434 1070 sacrum
468 1038 614 1070 constat
651 1044 673 1070 e
715 1043 848 1069 novem
882 1029 996 1080 (apud
1029 1030 1216 1067 cornicem
1248 1041 1268 1065 e
1299 1027 1447 1075 decem)
1484 1039 1574 1064 ver-

90 1105 206 1143 tebris
243 1107 389 1156 spuriis,
429 1118 526 1156 quae
564 1111 703 1142 tantum
744 1106 778 1142 in
816 1115 949 1141 recens
986 1103 1081 1140 natis
1120 1102 1251 1140 avibus
1289 1102 1575 1152 perspiciuntur,

91 1192 201 1230 quum
234 1191 320 1217 mox
351 1191 423 1217 non
455 1179 573 1217 solum
605 1180 700 1216 inter
729 1191 786 1226 se,
819 1178 885 1215 sed
917 1178 1025 1214 etiam
1049 1188 1130 1213 cum
1153 1181 1341 1226 postrema
1363 1174 1465 1211 dorsi
1485 1185 1575 1211 ver-

91 1251 195 1290 tebra
226 1252 384 1290 coalitae
415 1264 457 1290 os
489 1264 634 1290 sacrum
667 1251 914 1289 conforment.
991 1250 1029 1288 ln
1071 1249 1207 1287 adultis
1250 1249 1372 1286 corvis
1403 1259 1576 1284 numerus

91 1325 342 1364 vertebrarum
374 1327 605 1376 pristinarum
638 1330 771 1362 tantum
810 1336 877 1374 per
916 1335 1121 1374 processus
1160 1328 1393 1359 transversos
1425 1331 1576 1369 cogno-

92 1401 218 1437 scitur.
283 1399 474 1437 Postrema
506 1398 692 1446 vertebra,
733 1397 833 1448 quod
863 1408 948 1434 sero
981 1408 1062 1433 cum
1094 1394 1397 1433 antecedentibus
1443 1393 1576 1431 coale-

94 1475 176 1521 scit,
210 1473 318 1511 facile
349 1484 417 1524 pro
450 1472 622 1510 vertebra
650 1482 845 1520 coccygea
868 1470 996 1508 haberi
1036 1471 1168 1520 possit,
1208 1470 1274 1506 nisi
1312 1473 1465 1518 propter
1504 1466 1576 1503 de—

92 1547 231 1584 fectum
269 1558 473 1597 processus
512 1546 653 1596 spinosi
692 1545 911 1595 posterioris
952 1542 1123 1580 vertebra
1163 1541 1279 1592 pelvis
1314 1546 1576 1590 cognoscatur.

93 1620 205 1658 Hisce
236 1621 334 1657 enim
365 1618 606 1670 processibus
646 1618 754 1669 plane
795 1622 923 1655 carent
961 1618 1124 1667 quinque
1155 1615 1352 1653 inferiores
1383 1613 1578 1651 vertebrae

93 1693 226 1745 pelvis,
258 1693 341 1731 dum
371 1694 407 1730 in
439 1692 694 1744 superioribus
732 1692 826 1729 inter
863 1703 904 1728 se
937 1689 1167 1727 coalescunt.
1228 1687 1448 1725 Processus
1479 1685 1579 1723 06ίὶ-

93 1768 167 1819 que·
185 1768 292 1805 etiam
315 1766 465 1804 desunt:
499 1772 624 1804 contra
643 1777 862 1816 processus
886 1768 1157 1805 transversos,
1189 1773 1410 1812 quamquam
1442 1762 1476 1798 in
1507 1761 1577 1797 tri—

93 1841 163 1879 bus
193 1840 445 1891 superioribus
475 1839 593 1891 pelvis
624 1838 819 1886 vertebris,
852 1850 964 1888 quum
995 1849 1016 1874 a
1047 1843 1155 1885 tergo
1186 1835 1246 1873 ilei
1277 1846 1366 1872 osse
1388 1833 1577 1882 obtegan-

94 1921 165 1963 tur,
195 1920 332 1952 tantum
363 1926 411 1951 ex
440 1913 639 1951 abdomine
673 1917 812 1963 patent,
844 1912 933 1949 satis
965 1911 1181 1961 perspicere
1202 1909 1302 1946 licet.
1362 1907 1578 1944 Inferiorum

94 2000 163 2026 sex
192 1986 444 2025 vertebrarum
471 1999 689 2037 processus
727 1984 887 2035 obliqui
922 1983 1113 2031 longiores
1153 1987 1235 2019 sunt
1273 1987 1309 2019 et
1348 1987 1506 2031 utroque
1544 1981 1579 2018 in

94 2061 210 2099 latere
240 2061 400 2111 quinque
429 2059 642 2111 foramina
670 2057 854 2096 sacr-alia
884 2056 1053 2095 formant.
1113 2055 1258 2093 Deinde
1287 2067 1358 2092 una
1387 2066 1469 2091 cum
1491 2065 1579 2091 osse

95 2135 157 2173 ilei
183 2136 349 2186 foveam
379 2132 556 2171 renale-m
586 2132 760 2170 efficiunt.
820 2130 980 2168 Medulla
1012 2129 1177 2180 spinalis,
1209 2134 1246 2166 ut
1276 2129 1337 2165 vix
1367 2129 1402 2165 in
1434 2138 1479 2164 os
1509 2138 1578 2164 sa-

96 2221 196 2247 crum
226 2209 385 2255 intravit,
416 2208 450 2244 in
483 2207 578 2245 duos
609 2217 732 2244 ramos
764 2204 948 2251 dividitur,
980 2203 1041 2253 qui
1070 2214 1156 2240 mox
1178 2203 1306 2240 iterum
1329 2213 1457 2239 secum
1480 2212 1578 2237 con—

95 2282 208 2321 iuncti
235 2280 514 2319 memorabilem
543 2280 674 2317 sinam
702 2276 1008 2316 rhomboideum
1038 2275 1206 2314 reddunt.

509 2419 564 2456 4.
601 2416 862 2454 vertebrae
887 2425 1158 2462 coccygeae.

210 2502 288 2540 Hae
318 2501 511 2539 habendae
542 2507 625 2539 sunt
661 2512 729 2552 pro
760 2500 860 2537 veris
900 2498 1097 2546 vertebris,
1136 2509 1246 2547 quum
1285 2496 1493 2546 ligamentis
1533 2496 1580 2532 ita

98 2582 136 2614 ut
164 2576 310 2626 possint
339 2576 480 2612 moveri
509 2575 603 2612 inter
632 2586 674 2612 se
704 2573 841 2623 ligatae
871 2583 1053 2622 nunquam
1084 2570 1312 2608 coalescant.
1372 2570 1411 2607 In
1441 2579 1580 2606 corone

97 2655 136 2688 et
166 2650 332 2696 cornice,
365 2649 451 2686 item
483 2649 518 2685 in
548 2648 646 2697 pica,
677 2646 870 2684 vertebras
901 2656 1118 2694 coccygeas
1149 2650 1307 2695 septem,
1339 2644 1373 2680 in
1395 2641 1581 2692 frugilego

98 2728 135 2760 et
166 2721 361 2760 monedula
392 2733 461 2759 sex
491 2726 627 2759 tantum
659 2721 793 2758 inveni.
836 2718 1052 2757 Simillimae
1084 2719 1178 2756 inter
1207 2729 1250 2755 se
1271 2721 1434 2764 exstant,
1464 2726 1581 2765 prae-
