1752 2927
841 77 899 121 17

130 209 326 248 alveolaris
364 220 589 260 processuS,
636 209 703 247 sed
736 221 817 247 cum
849 222 895 248 eo
927 209 1098 260 angulum
1130 210 1302 249 hebetem
1333 210 1468 248 format
1499 216 1534 247 et
1566 222 1609 247 os

130 282 318 321 maxillare
349 283 517 333 superius
549 283 626 320 ossi
658 284 894 332 zygomatico
927 285 975 321 ita
1007 285 1134 333 iungit,
1166 290 1206 321 ut
1235 289 1429 334 utrumque
1460 282 1608 334 paulla-

129 357 192 394 tim
223 357 382 394 tenerius
412 355 591 393 redditum
628 356 673 393 ad
711 355 864 394 alterum
895 356 1085 405 adiaceat,
1126 369 1221 407 quae
1253 358 1464 395 coniunctio
1497 356 1609 394 multo

129 430 268 467 firmior
297 435 355 466 est
384 442 492 479 quam
524 429 681 479 simplex
711 429 934 480 symphysis.
985 429 1033 467 Et
1062 430 1168 467 fortis
1201 431 1411 468 coniunctio
1442 430 1501 468 hic
1534 435 1611 466 erat

128 503 364 550 necessaria,
406 515 515 553 quum
555 502 615 540 ille
646 514 849 552 processus
879 514 949 540 una
981 515 1063 540 cum
1096 515 1184 540 osse
1215 505 1450 552 zygomatico
1482 505 1610 554 (arcus

128 575 400 625 zygomaticus)
433 575 534 613 solus
566 575 723 613 orbitam
755 581 910 613 externa
941 588 987 612 ex
1020 582 1122 625 parte
1154 575 1320 625 obtegat.
1463 560 1464 566 ἵ

242 649 275 687 d.
316 649 581 686 Processus
612 648 857 699 palatinus
888 650 996 685 trium
1028 660 1273 698 processuum
1303 651 1495 697 minimus,
1537 649 1609 686 de-

128 723 238 759 currit
275 723 520 772 posteriorem
560 727 597 759 ct
635 723 847 760 interiorem
885 724 1078 771 regionem
1116 734 1270 770 versus,
1319 724 1366 759 ita
1406 728 1443 759 ut
1473 728 1609 772 poste—-

127 796 265 833 riorem
287 797 491 844 marginem
513 800 739 845 aperturae
761 796 957 833 incisivae
978 796 1122 833 formet.
1170 795 1348 842 Quamvis
1379 795 1415 833 hi
1446 807 1609 845 proces-

127 881 190 906 sus
221 870 380 907 maxime
411 868 481 906 sibi
510 870 667 907 invicem
698 871 1016 920 appropinquent,
1068 882 1251 920 nunquam
1290 876 1413 908 tamen
1443 871 1538 907 inter
1567 881 1610 906 se

127 954 198 980 nec
227 954 309 979 cum
340 954 491 980 vomere
524 942 752 980 coalescunt.
813 942 978 993 Uterque
1008 955 1210 993 processus
1241 944 1276 981 in
1307 943 1387 980 basi
1417 948 1610 992 angustus,

127 1027 217 1053 mox
255 1015 363 1053 latior
400 1016 512 1053 batilli
550 1016 706 1054 formam
754 1016 922 1066 praebet.
986 1016 1088 1053 Haec
1133 1028 1218 1067 pars
1265 1016 1412 1054 dilatata
1451 1017 1609 1054 maxime

127 1091 247 1127 tenuis
277 1095 334 1126 est
364 1094 401 1126 et
431 1089 552 1127 multis
583 1089 825 1127 foraminibus
847 1091 972 1140 parvis
994 1091 1182 1137 instructa,
1217 1091 1264 1127 ita
1285 1096 1323 1127 ut
1344 1090 1423 1127 fere
1443 1089 1612 1127 cribrosa

126 1169 314 1214 appareat.
374 1163 457 1201 Hoc
487 1163 608 1200 minus
639 1163 737 1200 valet
768 1164 803 1201 in
833 1164 916 1213 pica
948 1169 985 1200 et
1015 1163 1234 1211 monedula,
1275 1165 1393 1213 magis
1424 1169 1545 1200 autem
1575 1164 1612 1200 in

127 1236 334 1286 frugilego,
383 1238 556 1284 cornice,
605 1248 746 1274 corone
786 1242 823 1274 et
854 1248 1003 1274 corace.
1063 1237 1215 1287 Propria
1255 1242 1313 1274 est
1350 1237 1468 1274 forma
1507 1236 1612 1273 huius

127 1322 329 1361 processus
367 1312 403 1348 in
443 1316 728 1360 earyocatacte,
776 1323 883 1360 quum
923 1310 994 1348 hac
1033 1312 1068 1347 in
1108 1323 1177 1347 ave
1223 1311 1380 1360 primum
1422 1309 1613 1358 angustior

126 1390 279 1434 repente
318 1385 420 1421 sacci
465 1386 630 1434 speciem
671 1390 802 1421 sumat.
862 1384 942 1421 Hae
988 1390 1112 1434 partes
1157 1384 1353 1421 batillosae
1399 1382 1612 1423 membrana

126 1469 279 1495 mucosa
320 1457 496 1495 obtectae
533 1457 739 1495 simillimae
779 1458 932 1496 conchis
971 1458 1057 1495 mihi
1096 1458 1276 1495 videntur.
1336 1457 1376 1495 In
1406 1457 1486 1494 basi
1516 1456 1611 1494 illius

126 1543 350 1581 processuS,
397 1533 457 1581 qui
487 1531 583 1568 linea
616 1532 802 1569 eminente
834 1543 854 1568 a
887 1543 1048 1582 corpore
1085 1537 1299 1582 separatur,
1346 1531 1425 1569 fere
1462 1522 1612 1580 semper

126 1610 187 1642 aut
216 1616 325 1642 uuum
357 1610 417 1642 aut
448 1604 518 1642 duo
550 1604 730 1642 foramina
763 1606 1049 1654 cognoscimus,
1096 1617 1190 1655 quae
1232 1605 1402 1642 foramini
1432 1603 1611 1641 maxillari

126 1679 333 1727 iunguntur.

240 1752 293 1789 Os
325 1751 515 1789 maxillare
545 1753 714 1802 superius
744 1753 814 1789 iam
846 1753 881 1789 iu
912 1763 1047 1789 recens
1079 1757 1162 1789 nata
1192 1764 1261 1789 ave
1291 1763 1441 1789 osseum
1461 1751 1611 1788 inveni-

126 1831 193 1874 tur,
225 1831 386 1876 excepto
419 1837 604 1875 processu
633 1825 821 1876 palatino,
853 1827 955 1863 cuius
987 1837 1073 1875 pars
1106 1825 1272 1863 cribrosa
1303 1825 1423 1863 adhuc
1455 1824 1608 1862 cartila-

126 1901 236 1949 ginea
266 1904 395 1949 quarta
426 1899 571 1936 demum
601 1899 834 1937 hebdomade
867 1911 978 1936 ossea
1009 1899 1059 1936 lit.

647 2029 699 2067 3.
750 2028 872 2067 Ossa
895 2028 1091 2067 nasalia.

241 2119 339 2157 Ossa
370 2119 509 2157 nasalia
541 2119 791 2169 magnitudine
823 2119 1010 2157 excellunt
1031 2125 1068 2157 et
1089 2131 1176 2157 ossa
1196 2119 1396 2157 maxillaria
1418 2120 1610 2169 superiora

127 2193 241 2243 longe
272 2199 461 2243 superant.
521 2193 604 2231 Duo
636 2194 866 2231 inveniuntur
896 2194 931 2230 iu
963 2194 1089 2230 cranio
1119 2194 1208 2230 satis
1229 2192 1300 2230 lata
1324 2198 1360 2230 et
1380 2191 1608 2240 irregularia,

128 2268 164 2304 iu
202 2265 335 2317 quibus
375 2272 450 2304 tres
489 2268 676 2315 margines
715 2278 760 2304 ac
797 2266 869 2304 duo
902 2278 1104 2317 processus
1136 2266 1412 2315 dignoscuntur.
1474 2264 1610 2303 Sedem

125 2339 263 2378 habeut
306 2340 366 2378 illa
404 2352 491 2378 ossa
530 2341 624 2378 inter
660 2352 865 2391 processus
906 2339 1054 2378 nasales
1095 2341 1233 2378 ossium
1273 2339 1403 2377 frontis
1449 2344 1486 2377 et
1533 2344 1608 2376 tum

126 2414 170 2451 iis
208 2419 284 2451 tum
321 2413 478 2452 laminae
516 2413 814 2465 perpendiculari
851 2415 948 2452 ossis
989 2414 1189 2452 ethmoidei
1230 2413 1388 2464 quadam
1427 2425 1475 2450 ex
1504 2418 1609 2463 parte

125 2486 295 2525 insident.
356 2487 409 2525 Ita
448 2488 590 2526 firmum
626 2487 807 2539 praebent
848 2487 1122 2526 fundamentum
1159 2499 1262 2525 ramo
1301 2486 1516 2525 ascendenti
1547 2487 1609 2523 in-

126 2560 375 2598 termaxillari.
435 2560 623 2610 Margines
653 2563 798 2610 interni,
831 2574 941 2612 quum
973 2562 1044 2599 sint
1075 2562 1246 2609 concavi,
1277 2562 1435 2598 invicem
1467 2572 1508 2597 se
1534 2571 1609 2596 non

127 2639 289 2684 tangunt,
321 2633 389 2672 sed
419 2635 616 2673 incisuram
647 2635 806 2673 formant
837 2635 996 2684 ovalem,
1029 2636 1064 2673 in
1091 2647 1161 2685 qua
1183 2636 1280 2673 ossis
1303 2633 1503 2671 ethmoidei
1524 2644 1610 2683 pars

127 2708 305 2759 aspicitur
341 2714 378 2746 et
417 2709 476 2746 cui
515 2713 703 2747 extremus
738 2720 862 2747 ramus
899 2708 1134 2748 adscendens
1179 2705 1472 2754 intel-maxillaris
1512 2707 1610 2744 ossis
