1752 2927
852 106 932 149 Υ64

166 235 221 273 lll.
252 236 492 275 Frerichs:
554 237 610 274 De
649 236 863 287 pathologia
901 249 946 274 ac
976 237 1140 288 thei-apia
1173 243 1209 275 et
1230 238 1393 287 generali
1416 244 1453 276 et
1474 239 1639 289 speciali,

434 310 479 347 de
511 309 649 347 morbis
679 322 829 358 renum,
869 310 914 348 de
945 311 1083 348 morbis
1114 311 1250 349 cordis.
1319 311 1357 349 ln
1389 312 1522 350 clinico
1554 325 1640 350 me-

432 383 515 422 dico
549 383 621 421 dux
651 383 738 421 mihi
768 383 833 421 fuit
864 384 1210 422 excellentissimus.

161 472 212 510 lll.
246 472 409 510 Klose:
470 473 527 511 De
559 473 849 525 encyclopaedia
881 474 1038 523 medica,
1071 475 1116 512 de
1147 474 1330 513 medicina
1360 475 1512 514 forensi.

163 563 217 602 Ill.
250 564 433 602 Remer:
494 564 551 602 De
583 564 721 602 morbis
753 565 985 616 syphiliticis‚
1019 565 1063 603 de
1095 567 1235 604 ossium
1266 565 1433 604 fracturis
1466 572 1500 604 et
1529 566 1640 604 luxa-

432 637 605 687 tionibus,
643 638 689 676 de
720 638 996 689 operationibus
1028 639 1258 688 chirurgicis.

169 727 247 766 Cel.
278 728 541 768 Burchard:
602 729 658 767 De
689 731 958 768 vaccinatione.

162 817 242 857 Cel.
276 818 500 857 Grosser:
560 820 618 857 De
649 819 859 869 osteologia
890 825 928 858 et
957 820 1272 870 syndesmologia.

165 908 243 947 Cel.
275 909 529 947 Neumann:
589 909 646 947 De
677 910 951 960 cognoscendis
983 917 1019 948 et
1051 911 1220 949 curandis
1250 911 1357 948 animi
1390 910 1541 949 morbis.

272 1034 469 1072 Praeterea
500 1033 595 1084 Exp.
626 1034 671 1072 D.
694 1034 740 1072 D.
763 1034 928 1083 Hasse,
962 1034 1097 1072 Klein
1130 1034 1242 1082 beat⁴>
1273 1034 1437 1083 Ruhle‚
1470 1035 1640 1085 Lange,

163 1107 419 1156 Schedler,
466 1107 642 1145 Heinke
682 1110 716 1146 in
753 1108 1082 1147 exercitationibus
1115 1108 1256 1147 clinicis
1287 1109 1447 1159 benigne
1479 1121 1537 1146 me
1568 1108 1640 1146 ad·-

161 1184 338 1220 iuverunt.

276 1254 418 1301 Quibus
460 1253 627 1292 omnibus
666 1256 753 1292 viris
791 1257 927 1305 optime
975 1255 1020 1292 (le
1066 1269 1123 1293 me
1169 1257 1306 1293 meritis
1353 1257 1529 1293 maximas
1567 1267 1640 1305 ago

163 1334 199 1365 et
229 1340 375 1378 semper
404 1327 550 1366 habebo
581 1331 731 1377 gratias.

275 1401 430 1439 Plurima
463 1408 582 1439 autem
606 1402 726 1439 debeo
748 1403 834 1440 viris
856 1402 1163 1453 praeclarissimis
1185 1402 1212 1440 Β
1228 1402 1400 1450 arkow,
1433 1402 1555 1440 Nees
1587 1402 1640 1440 ab

162 1475 436 1522 Esenbeclz,
485 1476 534 1512 de
575 1475 782 1513 Glocker
829 1483 865 1513 et
911 1475 1171 1527 Goeppert,
1226 1477 1288 1526 qui
1335 1477 1432 1513 omni
1472 1482 1641 1526 tempore

163 1561 302 1586 summa
346 1548 563 1586 liberalitate
608 1555 645 1586 et
689 1549 948 1587 benevolentIa
987 1562 1046 1587 me
1083 1550 1297 1587 adiuverunt
1336 1555 1371 1586 et
1409 1549 1454 1586 ad
1486 1551 1640 1587 studium

161 1635 280 1660 rerum
312 1621 526 1660 naturalium
557 1624 771 1660 excitarunt.
834 1622 960 1673 Itaque
989 1622 1147 1660 libenter
1177 1623 1363 1673 profiteor,
1406 1635 1464 1660 me
1499 1623 1534 1660 id
1566 1625 1639 1660 im·-

162 1697 288 1747 primis
320 1702 574 1734 contenturum
606 1708 704 1744 esse,
736 1702 774 1734 ut
803 1696 858 1734 his
889 1698 976 1734 viris
1006 1696 1261 1734 illustrissimis
1292 1696 1439 1745 dignum
1472 1696 1639 1747 discipu-

162 1769 235 1807 lum
267 1782 414 1820 semper
444 1781 502 1807 me
533 1769 744 1820 praebeam.

277 1843 448 1894 Denique
480 1855 552 1881 non
584 1855 753 1893 possurm
792 1845 875 1894 quin
915 1845 992 1881 viro
1034 1844 1306 1894 spectatissimo
1347 1843 1639 1887 Botermund,

163 1918 223 1967 qui
265 1930 430 1955 museum
463 1916 699 1966 zoologicum
732 1929 790 1954 me
820 1916 1112 1967 frequentantem
1145 1929 1292 1967 semper
1322 1917 1543 1954 amicissime
1573 1928 1640 1954 re—

163 1992 274 2041 cepit,
306 1991 379 2028 hoc
408 1990 495 2028 loco
526 1996 667 2037 gratum
698 1992 854 2028 animum
886 1992 1070 2040 profitear.
