1752 2927
815 86 873 130 19

106 230 176 257 nec
213 230 285 256 non
325 218 526 267 marginem
561 216 751 255 lateralem
798 223 835 255 et
878 217 1124 268 posteriorem
1168 220 1362 267 aperturae
1406 215 1583 252 incisivae

107 291 240 330 deinde
279 292 490 330 inferiorem
531 296 567 328 et
610 291 831 328 anteriorem
879 290 1020 328 orbitae
1056 295 1211 341 partem.
1270 289 1396 327 Rostri
1440 289 1583 339 apicem

106 377 235 403 versus
278 366 546 414 coniunguntur
584 376 665 402 cum
705 375 887 414 processu
926 363 1104 401 alveolari
1140 364 1283 400 interno
1322 362 1418 400 ossis
1463 363 1583 399 inter-

106 437 304 476 maxillaris
336 445 372 476 et
403 450 483 476 cum
516 449 698 488 processu
728 436 904 474 alveolari
936 436 1106 474 maxillae
1137 437 1361 486 superioriS‚
1393 435 1439 473 ad
1470 435 1583 472 occi-

105 517 170 562 put
206 523 337 550 versus
376 517 504 549 contra
540 510 698 548 insident
735 511 888 559 margini
918 509 1083 547 inferiori
1118 510 1228 546 rostri
1263 508 1481 558 sphenoidei
1511 513 1584 545 tum

108 596 296 622 vomerem
327 590 403 622 tum
434 596 520 622 ossa
551 582 798 634 pterygoidea
830 583 1028 632 tangentia.
1087 582 1127 620 In
1165 587 1323 632 utroque
1354 593 1442 619 osse
1472 580 1583 632 pala-

105 658 181 695 tino
212 658 279 696 has
309 663 434 708 partes
467 669 622 694 cernere
652 667 864 706 possumus.

219 742 252 768 a.
293 730 474 781 Corpus
504 732 548 767 in
580 741 725 767 corvo
757 734 961 767 neonato
994 740 1014 765 e
1044 727 1175 765 binis
1207 726 1441 765 ossiculis
1472 737 1584 764 com-

104 804 264 854 positum
304 810 382 851 est,
429 815 582 854 quorum
622 802 774 840 alterum
811 803 990 840 internum
1029 813 1082 839 os
1121 800 1376 852 palatinum
1414 801 1586 838 stricte

106 877 176 914 sic
207 877 392 923 dictum,
424 876 577 914 alterum
609 882 798 914 externum
823 875 936 914 multo
959 877 1088 923 minus,
1122 873 1379 913 ossiculum
1411 885 1581 911 acces-

105 951 282 988 sorium
324 956 392 988 est.
452 949 654 1000 Utrumque
692 961 781 987 vero
821 961 908 987 mox
939 948 1121 986 coalescit
1150 953 1187 985 et
1216 954 1291 986 tum
1321 949 1357 985 in
1388 947 1586 998 superficie

104 1023 281 1063 inferiore
313 1024 434 1061 erista
465 1029 601 1061 tantum
635 1021 940 1074 loazyz'tzcdirzali,
972 1034 1068 1072 quae
1099 1026 1246 1059 suturae
1277 1021 1424 1072 spuriae
1453 1021 1587 1071 prioris

106 1097 188 1134 vice
227 1097 408 1145 fungitur,
456 1103 689 1147 segregatur.
750 1096 977 1147 Superficies
1028 1096 1198 1146 superior
1234 1094 1381 1132 modice
1418 1105 1585 1132 concava

104 1171 227 1220 parvis
259 1172 466 1208 eminentiis
498 1176 555 1208 est
584 1169 752 1220 praedita
781 1181 849 1220 pro
882 1168 1050 1206 musculo
1081 1166 1426 1219 palato-maxillari.
1478 1166 1585 1205 Con-

104 1242 238 1280 format
267 1249 387 1281 autem
419 1243 575 1282 orbitam
608 1243 819 1281 inferiorem
852 1248 889 1280 et
914 1255 984 1280 una
1006 1254 1087 1280 cum
1110 1242 1274 1290 margine
1295 1240 1584 1289 labyrinthorum

105 1316 280 1354 inferiore
311 1317 478 1355 fissuram
518 1316 779 1354 ethmoidalem
810 1316 1035 1354 inferiorem.
1097 1315 1135 1352 ln
1176 1315 1373 1365 superficie
1412 1313 1587 1351 inferiore

105 1391 197 1428 fines
228 1390 382 1428 duorum
414 1391 555 1428 illorum
588 1391 741 1437 ossium,
774 1402 868 1439 quae
899 1390 934 1427 in
964 1388 1072 1439 pullis
1100 1389 1253 1426 inveniri
1275 1387 1443 1435 diximus,
1476 1387 1586 1424 crista

105 1462 359 1513 longitudinali
403 1464 667 1513 significantur.
731 1463 836 1509 Quae
882 1464 991 1500 crista
1038 1463 1074 1500 in
1120 1466 1382 1510 caryocatacte
1427 1461 1586 1497 maxime

106 1538 291 1585 eminens,
331 1538 366 1575 in
410 1538 567 1574 caeteris
608 1538 730 1574 corvis
769 1537 1000 1587 potissimum
1040 1536 1075 1572 in
1107 1534 1291 1584 srugilego
1324 1535 1443 1571 minor
1467 1534 1584 1570 inve-

105 1611 210 1647 nitur.
270 1610 328 1648 Ex
368 1622 410 1648 ea
450 1610 581 1648 lamina
620 1621 754 1657 ossea,
801 1621 896 1660 quae
936 1614 1038 1646 extra
1079 1608 1176 1646 hanc
1214 1608 1361 1645 cristam
1402 1607 1470 1644 sita
1502 1605 1588 1644 nihil

104 1682 200 1721 aliud
232 1685 387 1721 estnisi
417 1684 606 1734 pristinum
639 1682 840 1721 ossiculum
871 1683 1149 1729 accessorium,
1182 1682 1366 1728 oriuntur,
1398 1681 1448 1717 uti
1479 1680 1587 1717 etiam

104 1757 140 1794 in
170 1757 249 1807 ipsa
282 1759 405 1805 crista,
438 1756 606 1794 fasciculi
629 1754 833 1794 'inferiores
865 1755 1019 1793 musculi
1050 1753 1416 1806 palato—maxillaris.
1478 1752 1586 1800 Quod

104 1831 220 1867 maius
252 1842 295 1868 os
325 1832 416 1868 intra
448 1830 544 1868 illam
578 1831 727 1868 cristam
759 1830 917 1880 positum
951 1834 1027 1876 est,
1075 1829 1217 1865 interno
1257 1838 1324 1864 suo
1356 1828 1391 1864 in
1422 1827 1588 1875 margine

104 1904 139 1940 in
180 1903 283 1941 duas
322 1903 495 1941 laminas
533 1903 721 1951 dividitur,
768 1909 804 1940 et
834 1903 1069 1953 inferiorem
1109 1907 1145 1938 et
1174 1901 1441 1950 superiorem,
1493 1911 1588 1950 quae

106 1976 344 2025 divergentes
377 1989 457 2014 cum
489 1977 631 2014 laminis
663 1975 812 2014 alterius
844 1977 941 2013 ossis
972 1974 1120 2025 palatini
1152 1974 1299 2011 ductum
1326 1974 1415 2010 satis
1436 1972 1586 2022 longum

104 2049 265 2098 faciunt,
299 2052 359 2100 qui
389 2062 497 2088 nares
528 2062 611 2088 cum
643 2061 708 2087 ore
747 2050 938 2098 coniungit
966 2060 1150 2099 quemque
1186 2046 1404 2085 simillimum
1436 2046 1588 2084 choanis

105 2122 241 2160 habeo.
300 2123 448 2161 Lamina
481 2123 634 2161 inferior
665 2134 784 2172 eaque
816 2124 935 2160 minor
963 2121 1133 2172 procedit
1163 2120 1210 2158 ad
1240 2121 1424 2158 anteriora
1455 2131 1587 2157 versus

105 2197 141 2233 in
172 2196 331 2246 spinam
357 2195 592 2247 palatinam
623 2196 872 2247 inferiorem.
922 2194 1072 2233 Lamina
1105 2200 1232 2232 contra
1265 2194 1447 2244 superior,
1480 2205 1588 2243 quam

104 2270 352 2308 continuatam
384 2271 617 2321 superficiem
649 2271 746 2307 ossis
776 2269 924 2320 palatini
946 2268 1134 2316 ducamus,
1165 2266 1318 2305 alteram
1340 2266 1589 2316 magnitudine

105 2349 255 2393 superat
295 2348 331 2380 et
361 2349 484 2382 rostro
517 2343 748 2394 sphenoideo
780 2355 848 2394 per
878 2342 1187 2393 amphiarthrosin
1219 2343 1340 2378 iuncta
1372 2346 1440 2378 est.
1500 2339 1589 2378 Inde

104 2417 281 2466 sequitur,
315 2422 351 2453 ut
382 2428 424 2454 os
455 2416 657 2467 palatinum
687 2416 885 2468 paullulum
916 2416 989 2454 huc
1020 2414 1105 2453 illuc
1136 2416 1172 2452 in
1203 2420 1324 2452 rostro
1356 2413 1587 2465 sphenoideo

104 2491 245 2527 moveri
284 2492 416 2540 possit.
477 2490 596 2537 Quam
639 2491 840 2528 motionem
880 2489 1014 2527 exinde
1060 2500 1170 2526 omne
1215 2493 1374 2525 rostrum
1419 2487 1588 2537 superius

105 2563 211 2612 sequi
242 2574 401 2600 necesse
433 2569 501 2601 est.
564 2562 670 2610 Quae
701 2575 810 2614 quum
842 2564 890 2600 ita
921 2563 1014 2610 sint,
1047 2561 1158 2599 facile
1189 2560 1414 2610 intelligitur,
1446 2559 1587 2597 hancce

105 2636 403 2673 coniunctionem
442 2641 566 2674 rostro
606 2637 791 2675 movendo
830 2637 962 2674 summi
1001 2647 1088 2673 esse
1126 2635 1311 2673 momenti.
1370 2633 1588 2671 Retrorsum

104 2707 239 2746 format
281 2708 377 2747 haec
422 2708 554 2747 lamina
601 2722 839 2760 processum
879 2708 1213 2760 pteryyoideum,
1269 2707 1331 2758 qui
1380 2706 1496 2755 tangit
1543 2716 1588 2743 os
