1752 2927
810 90 870 134 35

107 221 245 270 gularia
277 227 314 259 et
344 223 478 270 cosm,
511 220 643 272 quibus
674 220 883 271 ligamentis
914 222 1120 271 iunguntur,
1151 221 1270 259 serius
1302 221 1479 269 ossiliant,
1513 232 1579 258 eos

103 294 261 333 arbitror
290 307 357 346 pro
390 294 537 333 ossibus
568 296 725 346 propriis
757 307 842 332 esse
875 294 1079 333 habendos.

682 415 720 453 1.
758 415 994 453 Sternum-

214 498 274 536 Uti
305 498 473 537 omnibus
503 500 538 537 in
569 498 710 546 avibus,
751 511 845 549 quae
876 499 948 536 alte
979 505 1015 536 et
1045 497 1194 536 assidue
1225 497 1389 546 volitant,
1430 499 1465 535 in
1487 509 1578 536 cor-

102 571 156 609 vis
194 583 341 622 quoque
379 578 538 609 sternum
578 573 771 610 maximum
812 578 880 608 est.
960 571 1094 609 Forma
1132 572 1211 609 eius
1250 577 1319 619 est,
1358 576 1398 608 ut
1433 572 1469 608 in
1498 569 1579 608 aliis

101 644 241 692 avibus,
275 644 402 682 similis
433 651 539 682 scuto
572 650 715 682 cavato.
785 644 824 682 ln
865 645 987 682 corvis
1024 645 1195 695 superior
1230 644 1334 681 huius
1366 645 1463 681 ossis
1494 655 1578 694 pars

102 719 259 754 maxime
291 729 455 755 concava
487 723 653 768 apparet,
694 717 785 755 infra
817 718 855 755 fit
885 723 1048 755 sternum
1078 717 1183 755 latius
1216 722 1252 754 et
1276 715 1430 767 planius.
1491 716 1578 754 Me-

101 790 157 827 dia
189 791 223 827 in
250 791 446 841 superficie
486 791 626 828 interna
665 802 785 840 eaque
824 802 991 828 concava
1028 788 1163 828 sulcus
1192 791 1372 827 invenitur
1404 788 1580 840 lonyz‘tu-

101 863 267 907 diveatis,
299 865 361 914 qui
392 865 526 901 cristae
557 863 706 901 sternali
738 863 968 915 respondens
1006 864 1129 914 parvis
1167 861 1407 900 foraminibus
1437 863 1578 900 instru-

101 941 181 973 ctus
213 941 282 985 est,
314 949 381 987 per
411 949 508 987 quae
537 941 602 975 ae'r
631 950 651 975 e
683 936 914 987 pulmonibus
946 942 982 974 et
1012 937 1132 975 saccis
1163 936 1382 987 aei-ephoris
1413 937 1579 986 pectoris

100 1010 134 1047 in
164 1015 324 1047 sternum
356 1011 531 1048 internum
563 1011 742 1061 pervenit.
803 1011 1031 1061 Superlicies
1070 1015 1221 1047 externa
1253 1021 1421 1047 convexa
1453 1010 1580 1047 crista

99 1082 273 1120 ster-nali
300 1084 475 1121 instructa
507 1089 576 1131 est,
609 1096 703 1134 quae
736 1083 906 1121 deorsum
931 1082 1102 1121 decurrit.
1162 1082 1293 1132 Margo
1320 1083 1397 1120 eius
1420 1083 1580 1120 anterior

100 1167 290 1193 convexus
321 1162 398 1204 est,
440 1158 611 1207 superior
647 1168 855 1204 concavus,
897 1157 956 1206 qui
987 1155 1095 1193 ambo
1128 1156 1161 1193 in
1194 1155 1364 1204 angulum
1396 1154 1578 1206 quendam

99 1231 321 1267 conveniunt
357 1237 523 1278 acutum,
572 1242 731 1280 quocum
771 1229 911 1267 furcula
949 1241 1015 1280 per
1053 1229 1287 1278 ligamentum
1333 1229 1576 1277 coniungitur.

97 1302 227 1353 Margo
259 1304 430 1354 superior
468 1305 502 1341 in
539 1305 679 1341 interna
717 1309 820 1354 parte
852 1306 1034 1354 procurrit
1063 1304 1097 1340 in
1129 1313 1346 1353 processum
1378 1302 1575 1352 quendam,

98 1389 192 1428 quae
222 1384 377 1415 vocatur
404 1379 525 1427 spina
553 1376 756 1415 sternalis.
815 1376 854 1414 In
888 1388 1038 1424 corace,
1072 1377 1236 1423 cornice,
1270 1386 1422 1424 corone,
1454 1375 1576 1424 frugi-

96 1449 199 1499 lego,
231 1450 425 1489 monedula
457 1457 492 1488 et
522 1452 603 1502 pica
635 1463 715 1488 eam
748 1452 942 1488 maximam
973 1456 1009 1487 et
1039 1449 1164 1487 furcae
1195 1450 1334 1487 ratione
1358 1449 1482 1486 lissam
1513 1450 1575 1487 in-

96 1525 193 1561 veni.
254 1524 353 1562 lnter
382 1530 571 1574 utramque
603 1525 757 1574 spinam,
790 1535 884 1574 quae
915 1523 985 1561 hac
1016 1524 1146 1560 fissura
1176 1522 1351 1570 redditur,
1383 1523 1489 1559 tertia
1519 1527 1577 1559 est

99 1599 228 1635 minor.
289 1596 372 1636 Alia
405 1604 461 1635 est
492 1597 608 1635 forma
640 1597 745 1635 huius
777 1598 905 1648 spinae
936 1597 970 1634 in
1003 1601 1277 1645 caryocatacte,
1319 1596 1353 1632 in
1391 1607 1463 1645 quo
1504 1606 1575 1632 non

96 1670 216 1709 solum
247 1672 366 1709 minor
396 1677 464 1718 est,
498 1671 564 1708 sed
594 1672 701 1708 etiam
733 1670 907 1720 singulari
937 1671 1079 1707 ratione
1110 1670 1145 1707 in
1176 1670 1396 1707 anteriorem
1429 1674 1465 1706 et
1499 1679 1574 1719 po-

96 1745 289 1782 steriorem
320 1750 460 1795 partem
491 1744 649 1782 finditur.
710 1743 748 1782 ln
787 1749 945 1794 utroque
982 1743 1098 1781 latere
1129 1743 1233 1780 huius
1264 1744 1393 1793 spinae
1424 1747 1574 1779 sterna-

95 1817 138 1855 lis
171 1819 421 1869 conspicimus
450 1817 619 1868 planum
649 1817 831 1868 quoddam
865 1816 1069 1868 obliquum
1100 1816 1208 1867 idque
1241 1814 1350 1853 linea
1381 1815 1576 1852 eminente

97 1896 268 1942 tanquam
300 1891 394 1942 plica
427 1891 628 1940 obtectum,
668 1892 726 1928 cui
763 1890 922 1940 alligitur
953 1902 994 1928 os
1028 1889 1302 1928 coracoideum.
1361 1888 1401 1926 ln
1432 1900 1572 1937 caryo-

98 1970 243 2002 cataete
275 1965 368 2002 llaec
398 1965 504 2015 plana
543 1966 636 2002 inter
674 1976 716 2001 se
757 1966 877 2001 iuncta
904 1965 1045 2014 spinam
1070 1962 1266 2001 sternalem
1291 1963 1326 2000 in
1351 1962 1573 2000 anteriorem

95 2043 131 2075 et
169 2038 414 2088 posteriorem
452 2043 593 2088 partem
632 2037 789 2085 findunt,
835 2038 885 2074 uti
925 2038 996 2074 iam
1037 2037 1331 2074 memoravimus.
1405 2034 1497 2072 Aliis
1538 2036 1573 2072 in

96 2112 219 2149 corvis
251 2123 294 2148 ca
326 2110 432 2162 plana
464 2113 548 2148 item
580 2110 779 2158 confluunt,
811 2110 877 2148 sed
910 2115 994 2160 post
1024 2109 1121 2147 illam
1153 2110 1314 2160 spinam;
1356 2120 1468 2159 quare
1499 2120 1572 2146 non

95 2184 218 2223 valent
249 2186 281 2223 in
314 2187 392 2222 eius
423 2185 564 2222 fissura.
634 2184 734 2222 quta
767 2183 875 2234 plana
906 2182 1113 2221 articularia
1146 2187 1183 2220 et
1213 2181 1358 2233 quidem
1392 2187 1496 2219 extra
1527 2193 1570 2219 ea

94 2265 217 2297 exstat
242 2270 473 2308 processus,
512 2259 546 2295 in
578 2259 701 2296 corvis
733 2259 934 2305 maximus,
976 2255 1139 2294 costulis
1170 2257 1390 2307 (processus
1421 2261 1569 2292 sterna-

92 2332 147 2370 les
178 2334 382 2370 anteriores
414 2329 703 2382 Wiedemanni),
735 2332 794 2382 qui
825 2330 921 2368 linea
953 2332 1137 2368 eminente
1167 2334 1368 2366 memorata
1391 2340 1410 2365 a
1434 2340 1571 2379 super—

93 2406 177 2443 licie
207 2411 359 2444 externa
397 2406 510 2443 sterni
548 2405 656 2456 plane
687 2411 919 2454 segregatur.
993 2403 1033 2442 In
1072 2407 1334 2452 caryocatacte
1371 2401 1431 2439 ille
1475 2414 1570 2452 pro-

94 2491 224 2517 cessus
256 2480 289 2517 in
320 2491 477 2517 acumen
507 2478 696 2530 procedit,
737 2484 863 2516 contra
902 2479 937 2515 in
978 2476 1058 2514 aliis
1099 2477 1222 2514 corvis
1254 2474 1370 2513 hebes
1402 2480 1438 2512 et
1468 2475 1571 2524 quasi

93 2558 263 2590 resectus
294 2558 459 2603 apparet,
491 2553 538 2589 ita
568 2558 606 2589 ut
637 2551 731 2589 duos
761 2550 917 2600 angulos
950 2556 985 2587 et
1014 2556 1090 2588 tres
1114 2550 1250 2587 liberos
1280 2549 1464 2597 margines
1488 2548 1569 2585 dis-

98 2637 251 2663 cernere
291 2627 488 2676 possimus.
557 2625 692 2662 Eorum
725 2626 910 2675 posterior
942 2625 1049 2662 immo
1082 2624 1233 2661 inferior
1260 2624 1416 2672 fossam
1447 2632 1568 2670 quan-

94 2699 174 2737 dam
213 2699 365 2746 format,
415 2700 449 2736 in
488 2710 557 2749 qua
599 2698 836 2735 eminentiae
874 2698 1034 2747 quinque
1070 2701 1248 2748 apparent
1295 2706 1360 2745 pro
1401 2692 1569 2744 capitulis
