1752 2927
778 74 838 116 55

187 217 219 243 a.
265 204 358 256 Liy.
391 204 563 242 later-ale
589 216 695 255 1ᾳεηιι
727 208 934 241 externum
972 203 1132 253 affigitur
1171 209 1207 241 et
1246 208 1422 241 externae
1454 203 1546 253 parti

74 278 222 329 capituli
253 278 384 316 fibulae
417 283 453 316 et
484 277 644 326 coudylo
675 277 827 315 femoris
859 284 1026 315 externo.

186 351 221 389 b.
267 350 360 402 Liy.
393 350 566 388 laterale
593 362 700 401 yeme
730 351 930 387 internum
961 351 1111 387 interest
1141 350 1234 387 inter
1265 349 1462 397 condylum
1486 349 1547 386 in-

74 430 213 462 ternum
244 424 354 461 tibiae
386 429 422 461 et
452 422 647 472 condylum
679 424 856 460 internum
888 422 1053 460 femoris.

189 508 222 534 c.
266 495 359 547 Lz‘y.
387 495 644 547 poplitaeum
676 495 766 532 infra
797 495 935 532 fossam
966 495 1188 545 poplitaeam
1210 500 1329 531 ortum
1358 493 1549 531 descendit

76 568 121 606 ad
151 571 396 619 posteriorem
429 569 629 617 marginem
664 568 794 617 capitis
825 566 949 604 tibiae.

190 641 224 678 d.
274 640 368 692 Liy.
403 641 625 677 cruciatum
653 652 761 690 yeme
792 640 970 677 anticum
1000 644 1118 677 ortum
1157 640 1192 676 in
1232 639 1333 676 fossa
1364 638 1547 689 poplitaea

74 715 234 763 infigitur
263 715 415 762 margini
445 713 618 750 anteriori
648 712 772 749 tibiae.

188 799 220 824 e.
266 785 358 837 Liy.
390 786 614 824 cruciatum
639 798 746 835 yeme
772 785 974 835 posticum
1005 791 1121 823 ortum
1152 786 1186 823 in
1218 784 1378 834 condylo
1408 787 1550 823 interno

76 859 227 897 femoris
257 859 448 897 descendit
478 859 523 896 ad
556 860 750 896 cavitatem
781 858 1027 907 glenoidalem
1057 859 1235 896 internam
1266 858 1390 896 tibiae.

189 932 214 969 f.
262 930 540 982 Cartilayz'nes
578 930 812 969 lunatae-5.
849 930 1133 974 semilunares,
1178 932 1418 981 interpositae
1457 933 1553 969 inter

80 1004 262 1054 condylos
295 1011 330 1043 et
367 1005 519 1042 semoris
559 1010 595 1043 et
624 1004 735 1042 tibiae
765 1016 832 1054 per
861 1003 924 1053 lig.
956 1003 1202 1042 transversale
1234 1016 1428 1042 commune
1458 1006 1552 1043 inter

77 1090 118 1115 se
149 1078 360 1116 cohaerent.

190 1163 226 1200 g.
275 1149 366 1201 Liy.
395 1149 581 1201 patellae
611 1156 728 1188 ortum
766 1151 801 1189 in
841 1150 1025 1187 anteriore
1064 1151 1228 1200 margine
1265 1150 1395 1200 capitis
1426 1149 1550 1197 tibiae,

77 1225 229 1273 margini
259 1224 421 1261 inferiori
453 1223 612 1274 patellae
644 1223 814 1271 infigitur.

189 1296 224 1333 h.
271 1295 363 1347 Liy.
397 1294 612 1347 capsulare
642 1295 814 1346 capitula·
848 1294 999 1346 fibulae
1036 1297 1188 1333 interest
1226 1296 1318 1333 inter
1356 1295 1548 1344 capitulum

77 1368 211 1406 fibulae
242 1375 277 1406 et
307 1370 539 1419 superficiem
570 1368 815 1418 glenoidalem
848 1380 1071 1418 peronaeam
1101 1368 1224 1406 tibiae.

190 1444 214 1480 i.
258 1441 351 1493 1259.
382 1441 697 1493 tibio-fibulam
726 1443 878 1480 interest
906 1443 1001 1480 inter
1031 1440 1227 1492 capitulum
1258 1441 1390 1479 fibulae
1422 1447 1456 1480 et
1487 1443 1549 1479 in·-

77 1523 215 1554 ternam
247 1522 387 1566 partem
420 1517 554 1554 cristae
585 1521 762 1553 externae
794 1514 915 1553 tibiae.

190 1587 225 1626 k.
271 1587 367 1639 Liy.
398 1588 656 1626 inter-osseum
689 1599 838 1639 parvum
879 1594 915 1625 et
953 1589 1126 1638 exiguum
1165 1588 1352 1626 invenitur
1375 1589 1468 1625 inter
1497 1589 1549 1625 ti·-

78 1660 174 1699 biam
205 1667 242 1700 et
261 1660 430 1700 fibulam.

779 1794 852 1835 HI.

680 1872 789 1914 ossa
825 1872 936 1915 tarsi.

191 1977 326 2015 Tarsus
358 1989 379 2015 e
409 1976 524 2015 tribus
555 1976 702 2014 ossibus
733 1983 891 2026 constat,
923 1989 1057 2027 nempe
1088 1988 1136 2014 ex
1167 1988 1254 2014 osse
1283 1977 1372 2014 tarsi
1402 1981 1437 2013 et
1468 1988 1552 2013 ma·-

79 2051 158 2088 iore
189 2056 226 2088 et
254 2051 408 2098 minore,
440 2050 485 2087 ad
517 2062 612 2100 quae
641 2051 785 2088 tertium
814 2050 980 2098 accedit,
1020 2062 1040 2087 a
1070 2049 1234 2101 pluribus
1265 2048 1479 2087 auctoribus
1511 2061 1554 2086 os

81 2123 354 2162 sesamoideum
384 2130 570 2162 vocatum.

571 2242 609 2281 1.
652 2241 718 2280 Os
750 2242 868 2280 tarsi
897 2242 1062 2281 maius.

192 2325 232 2364 In
262 2327 514 2378 superiore
545 2327 650 2364 liuius
682 2327 778 2365 ossis
809 2333 942 2377 parte
974 2325 1188 2378 eondylum
1220 2329 1257 2363 et
1285 2330 1494 2364 externum
1516 2330 1556 2364 et

81 2399 279 2437 internum
309 2401 583 2450 cognoscimus,
624 2412 777 2451 quorum
816 2406 970 2451 uterque
1001 2400 1141 2438 fossam
1173 2399 1455 2449 condyloideam
1484 2411 1552 2451 pro

82 2472 249 2520 condylis
288 2472 520 2510 inferioribus
559 2472 668 2510 tibiae
707 2473 874 2523 praebet.
950 2473 1089 2511 Ambas
1135 2473 1258 2510 fossas
1296 2474 1330 2510 in
1369 2474 1556 2510 anteriore

81 2550 184 2595 parte
215 2544 440 2582 tuberculum
472 2545 657 2595 quoddam
687 2547 860 2595 seiungit,
899 2545 998 2595 quod
1036 2547 1154 2596 ipsum
1193 2546 1228 2583 in
1266 2545 1405 2582 fossam
1436 2547 1555 2582 inter-

83 2616 365 2666 condyloideam
403 2617 513 2655 tibiae
553 2619 744 2668 prominet.
817 2618 854 2656 ln
894 2620 1103 2669 posteriore
1151 2619 1282 2668 capitis
1329 2619 1426 2655 ossis
1470 2619 1557 2655 tarsi

82 2696 185 2741 parte
216 2702 416 2742 processus
447 2690 593 2741 quidam
625 2696 681 2728 sat
712 2703 866 2740 magnus
896 2693 1001 2742 isque
1033 2698 1069 2729 et
1099 2704 1120 2729 e
1150 2691 1325 2729 lateribus
1352 2697 1388 2728 et
1408 2702 1426 2727 a
1450 2696 1556 2740 tergo
