1752 2927
803 95 862 142 13

91 240 220 266 versus
258 229 375 278 magis
413 229 607 279 magisque
644 229 680 266 in
717 227 943 266 latitudinem
982 227 1208 277 extenditur,
1259 228 1306 266 ita
1349 233 1388 265 ut
1424 227 1570 279 planum

92 302 248 351 oriatur,
293 301 394 353 quod
431 301 703 340 fundamentum
744 304 791 340 sit
829 304 969 340 ossium
1015 301 1207 340 nasalium.
1267 301 1441 339 Anterior
1484 313 1571 352 pars

91 374 246 413 laminae
275 375 593 426 perpendicularis
632 375 748 413 libere
788 377 971 425 prominet
1001 376 1096 413 inter
1125 374 1355 424 labyrinthos
1385 386 1504 425 usque
1535 376 1569 413 in

93 459 222 486 cavum
253 450 405 496 narium,
438 448 592 486 inferior
621 448 755 486 insidet
784 453 907 486 rostro
939 448 1186 498 sphenoideo.

206 533 238 559 c.
286 521 572 571 Labyrinthi
613 534 642 558 s.
683 526 853 571 partes
891 520 1125 557 laterales
1163 527 1247 557 sunt
1283 519 1438 558 laminae
1478 521 1571 559 duae

92 606 228 632 osseae
267 594 346 632 fere
385 593 721 645 quadrangulares,
772 605 866 643 quae
912 593 1068 631 orbitam
1113 605 1132 630 a
1173 593 1322 631 naribus
1362 595 1570 643 seiungunt.

91 667 237 705 Interno
277 669 311 705 iu
352 668 517 716 margine
555 666 749 715 labyrinthi
788 665 962 703 laminae
992 665 1336 717 perpendiculari
1364 667 1571 716 affiguntur.

90 740 221 790 Margo
253 742 422 791 superior
450 741 639 790 utriusque
670 751 811 787 eorum,
845 751 927 777 cum
946 752 1143 790 processu
1168 739 1306 777 nasali
1325 740 1425 777 ossis
1442 742 1571 790 fron-

91 814 163 859 tis,
208 826 316 864 quem
346 814 381 851 in
413 819 580 851 extremo
611 818 745 851 tantum
778 813 850 850 fine
882 814 1017 863 tangit,
1062 814 1248 864 fissuram
1288 812 1571 851 etlmzoidalem

89 888 337 937 superiorem
375 886 528 935 format,
576 898 646 937 qua
688 885 806 924 orbita
849 898 931 924 cum
971 886 1122 924 naribus
1161 887 1394 936 coniungitur
1433 892 1468 924 et
1505 899 1573 937 per

91 972 199 1011 quam
229 972 363 998 nervus
396 960 611 998 olfactorius
642 959 847 998 descendit.
906 960 1037 1010 Margo
1068 960 1220 998 inferior
1257 965 1457 998 excavatus
1489 972 1571 997 cum

90 1045 178 1072 osse
208 1034 388 1084 palatino,
435 1032 532 1084 quod
564 1034 711 1070 omnino
749 1044 823 1070 non
862 1035 998 1082 tangit,
1040 1034 1228 1084 fissuram
1265 1031 1572 1083 sphenoidalem

89 1109 323 1159 inferiorem
354 1107 488 1145 format
518 1112 554 1144 et
584 1108 631 1143 ita
662 1107 869 1156 procurrit,
901 1112 939 1143 ut
963 1119 1184 1157 processus
1214 1105 1471 1144 etlamoiclalis
1501 1106 1570 1143 ἰη-

87 1181 221 1233 ferior
259 1181 332 1218 fiat.
392 1179 522 1228 Margo
563 1185 737 1217 externus
779 1179 911 1217 deinde
941 1180 977 1217 in
1009 1191 1170 1227 corace,
1212 1181 1390 1227 cornice,
1430 1191 1571 1217 corone

89 1254 168 1303 bis,
206 1255 241 1292 in
273 1259 535 1303 caryocatacte
566 1252 682 1290 semel
712 1257 848 1290 tantum
880 1258 936 1290 est
966 1259 1179 1290 excavatus.
1242 1254 1468 1303 Superficies
1502 1265 1570 1290 or—

90 1328 209 1366 bitalis
239 1327 530 1376 labyrinthorum
561 1325 669 1376 plana
702 1332 737 1363 et
766 1325 894 1373 laevis,
928 1325 1063 1364 nasalis
1097 1332 1223 1364 contra
1255 1326 1378 1376 paullo
1402 1338 1571 1364 convexa

91 1407 158 1439 est.
218 1401 413 1438 Praeterea
445 1401 479 1437 in
511 1411 554 1437 ea
585 1399 739 1447 sulcum,
771 1411 791 1436 a
823 1401 1016 1450 superiore
1036 1406 1141 1450 parte
1174 1399 1477 1448 descendentem,
1512 1400 1570 1437 cui

89 1475 239 1512 affixum
271 1478 329 1510 est
359 1485 402 1510 os
434 1472 645 1521 lacrymale,
678 1472 859 1510 videmus.

204 1546 312 1594 Quod
351 1545 398 1583 ad
434 1545 684 1583 evolutionem
716 1547 814 1583 ossis
854 1545 1052 1583 ethmoidei
1091 1547 1239 1594 attinet,
1286 1545 1359 1583 hoc
1398 1546 1433 1583 in
1470 1545 1570 1596 pullo

90 1626 250 1659 neonato
283 1619 391 1670 plane
430 1619 733 1668 cartilagineum,
782 1619 969 1656 dumtaxat
998 1621 1033 1657 in
1064 1620 1248 1656 anteriore
1279 1624 1383 1669 parte
1414 1618 1570 1656 laminae

89 1690 408 1745 perpendicularis
439 1704 588 1730 osseum
627 1693 821 1730 invenitur.
882 1692 969 1730 Inde
1009 1693 1212 1730 ossiiicatio
1249 1691 1436 1743 paullatim
1475 1703 1571 1742 pro-

91 1767 201 1805 cedit.
260 1766 300 1804 ln
339 1778 409 1803 ave
449 1767 596 1803 circiter
633 1772 708 1803 tres
748 1765 1003 1803 hebdomades
1045 1771 1127 1803 nata
1166 1768 1238 1803 iam
1268 1767 1386 1803 maior
1414 1764 1572 1803 laminae

89 1838 406 1892 perpendicularis
444 1851 529 1890 pars
568 1844 605 1876 et
642 1840 783 1876 interna
822 1839 1017 1887 labyrinthi
1056 1841 1245 1889 utriusque
1277 1840 1313 1876 in
1344 1850 1387 1876 os
1416 1839 1570 1884 transiit,

91 1919 128 1951 et
157 1915 191 1951 in
222 1913 330 1965 plane
361 1913 479 1950 adulta
509 1924 554 1950 os
585 1912 833 1950 ethmoideum
864 1912 942 1950 fere
974 1914 1121 1950 omnino
1154 1918 1212 1950 est
1241 1924 1404 1950 osseum.
1463 1911 1571 1958 Quod

91 1992 282 2037 postremo
315 1986 352 2023 fit
380 1987 416 2023 in
446 1985 580 2023 lamina
612 1985 770 2023 cribosa.

802 2152 856 2192 Π.

590 2230 688 2273 [issa
718 2228 835 2272 faciei
875 2240 906 2272 s.
938 2229 1072 2272 rostri.

205 2337 355 2375 Faciem
387 2347 583 2374 corvorum
613 2336 708 2374 haec
738 2336 866 2385 viginti
898 2347 984 2373 ossa
1017 2341 1264 2386 componunt:

513 2423 557 2476 l)
589 2426 642 2464 Os
671 2425 972 2464 intermaxillare.
1110 2475 1112 2478 Α

389 2496 417 2536 2
448 2506 484 2537 et
513 2497 557 2548 3)
590 2499 686 2537 Ossa
717 2499 1155 2550 maxillariasuperiora.

387 2569 416 2609 4
447 2578 484 2610 et
512 2570 557 2620 5)
589 2572 686 2610 Ossa
717 2571 868 2610 nasalia.

387 2641 415 2682 6
446 2650 483 2682 et
511 2643 556 2693 7)
588 2644 685 2683 Ossa
713 2643 940 2693 lacrymalia.

388 2714 416 2756 S
446 2723 483 2756 et
512 2714 558 2766 9)
590 2717 686 2756 Ossa
717 2717 890 2768 palatina.

1321 2782 1369 2817 2*
