1752 2927
842 94 901 139 39

129 228 176 265 uti
217 228 250 265 in
290 226 459 274 homine,
507 227 578 265 duo
618 227 712 266 labia
754 234 969 273 cernuntur,
1017 229 1051 266 in
1102 227 1233 279 quibus
1273 227 1426 266 musculi
1467 226 1613 278 quidam

129 302 302 338 oriuntur.
363 302 394 339 A
427 307 533 350 tergo
566 313 694 348 margo
727 303 889 340 internus
920 303 954 339 in
988 302 1149 340 cristam
1184 306 1457 340 transversam
1487 302 1615 338 transit

127 385 172 411 ac
204 374 356 422 deinde,
390 380 493 424 parte
525 374 669 421 glutaea
702 387 721 412 a
754 374 868 413 renali
901 376 1132 412 extrinsecus
1163 382 1331 426 separata
1364 387 1485 424 neque
1516 386 1612 411 ace-

127 447 251 485 tabulo
300 453 420 496 tacto,
466 449 669 495 marginem
716 454 906 486 externum
944 461 1163 499 processus
1202 447 1423 486 ischiadici
1468 447 1612 485 format.

127 520 222 558 Infra
255 522 357 569 lingit
388 533 471 571 pars
503 521 650 571 glutaea
683 522 885 570 marginem
918 522 1149 571 superiorem
1181 521 1378 569 acetabuli,
1411 527 1493 558 ante
1517 519 1613 571 quod

127 606 171 632 os
202 595 330 646 pubis,
363 600 447 645 post
478 594 576 645 quod
608 607 651 632 os
683 595 787 632 iscliii
819 596 946 643 tangit.

240 668 407 706 Partes
438 667 650 716 rcnales,
691 669 914 706 intrinsecus
954 669 1112 706 maxime
1145 674 1369 714 excavatae,
1410 679 1490 705 cum
1523 678 1611 718 pro-

135 741 303 779 cessibus
355 743 577 779 transversis
628 726 879 779 vertebrarum
934 741 1052 792 pelvis
1090 747 1201 792 atque
1241 753 1324 779 cum
1364 747 1468 792 parte
1514 752 1612 791 qua-

128 815 208 853 dam
243 815 452 865 superficiei
492 816 656 853 internae
695 817 808 866 partis
839 815 1015 865 glutaeae
1047 821 1274 866 componunt
1306 827 1409 852 cava
1440 813 1612 862 renalla,

127 901 279 939 quorum
312 888 464 926 alterum
495 888 540 926 ab
573 889 690 927 altero
723 888 943 940 corporibus
974 889 1226 927 vertebrarum
1255 888 1373 940 pelvis
1395 889 1610 937 seiungitur.

128 962 190 999 His
241 964 275 999 in
328 964 428 1000 cavis
478 975 586 1000 renes
632 963 874 1000 inveniuntur.
943 962 1074 1012 Margo
1120 964 1283 1000 internus
1323 963 1435 1012 partis
1477 961 1613 999 renalis

128 1037 358 1073 continuatur
394 1036 636 1087 processibus
675 1037 897 1074 transversis
936 1035 1186 1074 vertebrarum
1227 1035 1346 1086 pelvis
1385 1035 1612 1083 inferiorum,

128 1109 345 1160 quibuscum
385 1111 418 1147 in
460 1109 583 1147 adulto
623 1122 737 1147 corvo
779 1109 887 1160 plane
928 1109 1128 1156 coalescit,
1171 1115 1206 1146 et
1251 1109 1421 1160 procedit
1467 1109 1612 1151 deinde,

127 1183 313 1234 paullatim
354 1183 399 1220 ad
438 1183 528 1221 infra
570 1189 606 1220 et
643 1189 744 1221 extra
787 1183 925 1230 flexus,
971 1184 1006 1220 in
1036 1183 1193 1233 spinam
1226 1181 1294 1220 ilci
1329 1183 1609 1233 posteriorem.

129 1256 258 1305 Margo
290 1262 477 1303 externus,
511 1258 571 1307 qui
602 1257 687 1294 nihil
710 1256 804 1294 aliud
829 1262 897 1303 est,
931 1257 998 1294 nisi
1023 1257 1231 1294 continuata
1255 1257 1364 1294 crista
1388 1262 1610 1303 transversa,

122 1343 355 1380 processum
404 1328 669 1367 iscln'mlc'cum
710 1331 863 1377 format,
916 1342 1010 1380 quae
1058 1335 1114 1367 est
1159 1331 1278 1367 tenuis
1325 1330 1455 1367 lamina
1502 1342 1611 1380 supra

127 1404 294 1442 foramen
340 1404 580 1442 ischiadicum
626 1406 694 1442 sita
742 1410 775 1441 et
816 1405 918 1441 cuius
959 1405 992 1441 in
1031 1410 1195 1441 extrema
1234 1409 1338 1454 parte
1381 1404 1504 1454 spirea
1544 1402 1614 1441 ilai

127 1478 317 1529 superior
346 1484 511 1529 apparet.
573 1478 717 1516 Deinde
748 1479 967 1516 intrinsecus
1000 1478 1118 1514 llexus
1151 1479 1325 1515 convenit
1356 1489 1437 1515 cum
1469 1479 1611 1515 interno

130 1553 294 1601 margine
332 1552 366 1588 in
405 1551 563 1602 spinam
607 1551 679 1589 ilci
701 1552 983 1602 posteriorem.
1047 1550 1104 1587 Ad
1136 1551 1318 1588 anteriora
1350 1562 1481 1587 versus
1514 1562 1611 1587 con-

128 1625 240 1663 cludit
278 1637 363 1675 pars
402 1624 538 1662 renalis
578 1636 659 1662 cum
701 1637 788 1662 osse
828 1624 933 1662 iscliii
978 1626 1169 1675 foramen
1207 1622 1496 1671 isclm‘aclicum,
1546 1636 1613 1674 per

129 1698 242 1749 quod,
276 1687 466 1736 in‘corvis
497 1704 554 1735 sat
584 1710 755 1747 magnum
788 1703 824 1735 et
855 1697 976 1745 ovale,
1009 1710 1143 1735 nervus
1177 1697 1399 1735 ischiadicus
1429 1698 1610 1748 provenit.

126 1772 222 1810 Infra
260 1772 332 1809 hoc
371 1771 538 1809 foramen
584 1772 702 1822 ipsum
750 1783 792 1809 os
832 1770 891 1809 ilei
941 1772 1100 1821 tangitur
1139 1782 1227 1808 osse
1276 1771 1404 1819 ischii,
1452 1782 1610 1822 quocum

125 1846 254 1884 sinum
286 1844 552 1884 ischiadicum
584 1845 683 1883 facit.

690 1975 741 2014 2.
792 1975 859 2014 Os
884 1975 1038 2014 ischii.

242 2066 296 2104 Os
333 2066 461 2115 ischii,
502 2065 613 2104 multo
656 2067 773 2115 magis
811 2067 845 2104 in
877 2065 1145 2115 longitudinem
1177 2078 1285 2116 quam
1317 2066 1351 2104 in
1383 2065 1608 2104 latitudinem

126 2145 278 2191 patens,
330 2146 414 2178 ante
455 2146 491 2178 et
528 2140 619 2178 infra
659 2152 703 2178 os
733 2140 793 2178 ilei
825 2140 890 2177 sed
922 2145 1008 2190 post
1039 2152 1082 2178 os
1114 2139 1220 2191 pubis
1252 2143 1380 2188 situm,
1432 2141 1608 2178 maiorem

125 2220 266 2265 partem
312 2213 500 2251 lateralem
538 2214 657 2265 pelvis
699 2214 916 2252 conformat.
976 2214 1016 2252 In
1056 2225 1102 2251 eo
1144 2225 1231 2252 osse
1272 2225 1430 2265 corpus,
1472 2226 1609 2252 ramum

126 2288 390 2326 ascendentem
421 2294 457 2326 et
487 2300 626 2327 ramum
658 2288 947 2326 descendentem
980 2288 1249 2337 dignoscimus.

241 2360 423 2412 Corpus
463 2368 573 2400 tenue
611 2374 657 2400 ac
688 2361 798 2400 latum
830 2361 986 2412 praebet
1015 2363 1236 2400 anteriorem
1268 2362 1470 2411 marginem
1502 2361 1609 2399 fora-

127 2435 233 2472 minis
278 2435 492 2483 ischiadici,
536 2435 628 2473 infra
675 2435 773 2486 quod
819 2448 900 2473 cum
943 2447 1032 2473 osse
1077 2435 1138 2473 ilei
1184 2437 1357 2473 convenit
1401 2436 1436 2472 in
1481 2434 1610 2472 sinum

128 2506 405 2546 ischiadicum.
475 2508 514 2546 In
561 2498 726 2558 margine
772 2508 947 2546 inferiore
993 2521 1116 2560 eoque
1161 2514 1333 2559 patente,
1382 2509 1440 2546 cui
1484 2507 1608 2558 plures

127 2581 282 2619 musculi
312 2581 521 2631 affiguntur,
554 2582 644 2619 duas
676 2583 974 2620 animavertimus
1005 2583 1200 2628 incisuras,
1232 2582 1451 2620 anteriorem
1484 2582 1608 2618 maio-

126 2667 204 2692 rem
236 2660 272 2692 et
302 2655 548 2705 posteriorem
588 2657 781 2693 minorem.
844 2655 1006 2706 Utraque
1045 2668 1112 2706 per
1149 2658 1309 2706 spinum
1354 2655 1455 2691 ossis
1487 2652 1610 2704 ischia*

128 2729 224 2765 inter
253 2739 295 2765 se
327 2727 556 2777 disiungitur.
617 2728 733 2766 Prima
773 2740 895 2766 earum
937 2734 1082 2779 spectat
1119 2730 1237 2778 magis
1277 2729 1321 2766 ad
1360 2739 1497 2765 ramum
1535 2728 1607 2765 de-
