1752 2927
879 92 939 136 52

286 236 319 261 c.
365 222 461 275 Liy.
495 224 701 275 posterius
745 225 846 262 ossis
888 224 1116 276 metae-arpi
1161 228 1200 262 et
1232 224 1391 276 primae
1424 223 1648 276 phalanyc's

174 298 297 350 dzjqiti
323 297 494 335 secundi
523 303 639 336 ortum
670 300 705 336 in
734 309 837 335 ramo
868 297 984 336 ulnari
1014 299 1114 340 ossis
1143 299 1345 350 metacarpi
1375 299 1536 349 affigitur
1564 300 1646 350 pri-

173 383 255 408 mae
283 370 469 422 phalangi.

286 444 320 482 d.
369 442 460 495 Liy.
499 444 756 481 interosseum
794 443 1017 494 diyitorum
1053 445 1206 482 interest
1242 445 1336 482 inter
1364 446 1517 495 primam
1548 445 1646 496 pha-

169 517 318 567 langem
350 517 452 567 digiti
482 516 630 554 alterius
662 522 698 554 et
727 518 870 555 tertium
901 517 1066 567 digitum.

285 603 318 629 e.
364 589 458 642 Liy.
491 590 708 642 capsulare
745 590 896 628 alteram
933 590 1155 642 phalangem
1188 602 1269 628 cum
1300 590 1413 628 altera
1446 592 1647 641 coniungit.

271 648 329 715 ⁷3)
360 664 553 714 Digitus
583 665 751 702 tertius
781 676 802 702 e
832 675 948 715 parvo
980 663 1145 702 ossiculo
1178 670 1343 712 constat,
1383 665 1484 702 cuius
1516 670 1647 702 extre-

170 740 315 776 mitates
366 739 623 776 intumescunt.
685 737 792 784 Quod
838 737 1026 788 quomodo
1072 737 1286 787 Meursinge
1331 750 1411 775 cum
1457 737 1648 789 pyramide

171 823 389 863 comparare
419 812 592 862 potuerit,
624 822 697 848 non
727 810 906 860 intelligo.
956 811 1049 848 Huic
1070 822 1219 861 quoque
1242 811 1356 860 digito
1378 811 1648 849 Tiedemannus

172 886 262 924 duas
293 897 378 923 esse
409 884 613 935 phalanges
644 884 751 932 dicit,
784 883 883 934 quod
914 883 1074 935 probare
1104 896 1262 935 nequeo.

283 958 353 996 Per
382 958 453 1010 liy.
485 957 705 1009 capsulare
737 959 968 1007 coniungitur
999 959 1100 1008 digiti
1130 960 1225 996 tertii
1258 971 1300 996 os
1333 971 1415 997 cum
1448 971 1536 997 osse
1561 971 1647 997 me-

168 1033 321 1083 tacarpi,
355 1038 392 1069 et
423 1044 491 1083 per
527 1031 596 1083 [59.
629 1033 909 1080 interosseum,
942 1031 987 1070 de
1018 1044 1091 1083 quo
1122 1033 1192 1070 iam
1223 1044 1333 1083 supra
1363 1032 1476 1071 locuti
1506 1045 1646 1081 sumus,

173 1118 255 1143 cum
287 1107 403 1157 prima
434 1106 587 1144 secundi
618 1106 716 1143 ossis
747 1104 943 1156 phalange.

543 1279 594 1320 Β.
669 1278 986 1320 Extremitates
1024 1276 1271 1320 inferiores.

282 1389 445 1441 Utraque
477 1389 690 1427 extremitas
721 1388 873 1426 inferior
903 1393 1051 1426 constat
1081 1400 1128 1426 ex
1157 1399 1229 1425 uno
1262 1393 1299 1425 et
1328 1387 1455 1437 viginti
1487 1387 1648 1433 ossibus,

170 1476 303 1515 nempe
336 1476 357 1501 e
387 1463 539 1501 femoris
570 1474 672 1510 osse,
707 1474 754 1500 ex
783 1461 932 1500 ossibus
964 1463 1095 1510 cruris,
1126 1463 1214 1499 tarsi
1239 1467 1275 1499 et
1300 1461 1496 1511 digitorum
1527 1461 1645 1513 pedis.

888 1583 921 1624 I.

781 1660 830 1703 tls
861 1660 1035 1703 semoris.

284 1767 324 1806 In
354 1767 519 1814 femore,
559 1766 658 1818 quod
691 1767 721 1804 si
752 1767 867 1805 cruris
897 1778 943 1804 ac
972 1767 1059 1804 tarsi
1090 1777 1178 1804 ossa
1209 1766 1450 1817 respicimus,
1482 1778 1649 1817 parvum,

173 1847 340 1894 apparet,
373 1853 510 1893 corpus
542 1846 579 1879 et
607 1845 799 1891 utramque
831 1840 1038 1891 apophysin
1070 1839 1323 1879 discernimus.

286 1915 326 1953 ln
357 1914 595 1966 apophysi
626 1915 876 1965 superiore
908 1918 1037 1963 caput
1066 1913 1333 1964 perspicimus,
1365 1912 1464 1963 quod
1495 1912 1649 1951 cartila-

172 1990 259 2039 gine
289 1988 490 2027 obductum
521 1987 662 2025 fossam
692 1999 759 2038 pro
791 1987 992 2037 ligamento
1023 1992 1141 2024 terete
1171 1985 1337 2037 praebet.
1397 1986 1500 2024 Haec
1530 1991 1650 2024 autem

173 2073 247 2100 non
278 2061 400 2099 medio
432 2062 467 2099 in
489 2062 610 2112 capite
641 2062 836 2109 invenitur,
868 2060 934 2098 sed
955 2061 992 2098 in
1012 2061 1206 2111 superiore
1228 2061 1305 2097 eius
1329 2065 1444 2110 parte.
1494 2056 1652 2097 Collum

172 2135 288 2173 breve
319 2146 401 2173 cum
433 2146 594 2185 corpore
624 2140 768 2172 acutum
800 2133 948 2184 quidem
988 2133 1053 2172 sed
1084 2133 1164 2171 fere
1193 2140 1333 2171 rectum
1363 2131 1536 2183 angulum
1566 2131 1649 2170 for-

174 2214 258 2246 mat.
321 2206 572 2245 Troclzanter
618 2206 785 2256 (maior)
829 2211 887 2244 sat
930 2218 1106 2255 magnus,
1158 2217 1269 2256 supra
1315 2205 1569 2256 complanatus
1615 2209 1652 2242 et

174 2280 390 2329 cartilagine
427 2279 631 2327 obductus,
677 2281 873 2317 instructus
905 2285 962 2317 est
992 2279 1189 2329 superficie
1219 2278 1417 2316 articulari.
1478 2275 1650 2316 Coniun-

174 2354 271 2403 git-ur
301 2354 396 2391 enim
427 2365 494 2403 per
522 2352 586 2402 lig.
618 2351 867 2390 ileo-crurale
907 2363 989 2389 cum
1027 2352 1220 2401 superiore
1259 2352 1424 2399 margine
1455 2349 1649 2388 acetabuli.

176 2426 233 2464 De
271 2426 375 2463 fossa
413 2425 779 2463 intertrochanterica
818 2425 913 2475 apud
954 2436 1090 2462 corvos
1127 2425 1188 2473 agi
1226 2436 1300 2461 non
1344 2429 1490 2474 potest,
1541 2435 1651 2474 quum

177 2499 389 2537 trochanter
418 2499 569 2547 (maior)
603 2499 740 2536 sensim
772 2499 806 2535 in
839 2497 973 2535 collum
1004 2497 1156 2534 femoris
1195 2502 1369 2534 transeat.
1430 2497 1479 2534 At
1513 2498 1652 2548 fossas

177 2570 504 2610 troclzantericas
534 2571 623 2608 duas
655 2572 837 2620 cognovi,
877 2582 972 2621 quae
1012 2571 1107 2607 inter
1136 2569 1407 2607 trochanterem
1438 2571 1651 2618 (maiorem)

177 2650 214 2682 et
234 2650 344 2695 caput
365 2644 530 2692 femoris,
562 2649 599 2681 et
627 2643 742 2682 altera
772 2643 920 2694 quidem
951 2644 986 2681 in
1016 2644 1219 2691 anteriore,
1250 2642 1365 2680 altera
1386 2643 1421 2680 in
1441 2642 1652 2693 posteriore

179 2723 283 2768 parte
323 2723 530 2756 cernuntur.
589 2716 661 2754 Per
696 2716 793 2754 hanc
821 2717 1067 2766 posteriorem
1098 2727 1256 2766 eamque
1291 2714 1506 2754 altissimam
1535 2714 1602 2752 aer
1630 2725 1652 2751 e
