1752 2927
892 85 955 130 28

177 224 401 268 postremam
433 219 512 255 eius
543 223 685 268 partem
717 223 863 255 tenuem
895 218 1067 255 inseritur
1088 228 1290 267 processus
1312 216 1530 268 spatulatus.
1575 217 1671 256 Fere

177 291 300 329 medio
338 292 373 328 in
413 303 588 342 corpore,
625 290 687 329 ubi
726 292 886 329 maxime
930 302 1098 329 crassum
1145 296 1224 338 est,
1271 292 1306 329 in
1344 297 1503 342 utroque
1552 291 1670 330 latere

178 363 376 416 condylus
405 366 588 403 invenitur
623 377 693 416 pro
725 364 902 403 cornibus
933 363 1150 403 maioribus.
1215 363 1362 415 Corpus
1393 366 1493 403 ossis
1522 365 1674 415 hyoidei

178 439 214 476 in
244 450 384 476 corone
423 444 460 476 et
499 439 651 476 cornice
690 439 852 489 quinque
891 438 1009 476 lineas
1046 437 1247 476 Rhenanas
1285 437 1437 488 longum
1475 439 1599 477 inveni
1637 444 1674 476 et

180 523 359 550 summam
391 513 470 549 eius
501 511 727 550 latitudinem
753 529 800 544 =
827 508 950 560 1‚7“‘.

294 595 329 634 b.
378 595 565 635 Cornua
604 597 784 634 maiora
824 607 1021 634 corvorum
1063 601 1234 634 constant
1271 608 1291 633 e
1332 594 1462 634 tribus
1492 594 1674 640 artubus,

180 670 390 719 ligamentis
419 671 514 708 inter
544 682 586 708 se
616 671 836 718 coniunctis,
875 682 1030 721 quorum
1071 669 1143 707 duo
1182 671 1388 707 anteriores
1420 671 1520 708 ossei
1556 682 1673 721 repe-

180 745 331 792 riuntur,
370 756 481 793 quum
520 745 650 782 tertius
688 745 735 781 sit
774 743 1050 793 cartilagineus.
1125 743 1283 781 Primum
1324 755 1461 781 cornua
1502 745 1597 782 inter
1633 756 1675 781 se

181 817 412 866 divergentia
442 818 476 854 in
508 818 658 867 occiput
689 822 965 865 convertuntur,
1006 822 1080 854 tum
1121 829 1230 868 supra
1272 817 1467 855 flectuntur
1496 823 1534 855 et
1563 829 1677 868 super

182 896 307 941 pantes
336 889 509 928 laterales
540 891 638 928 ossis
670 891 844 941 occipitis
885 902 1003 940 usque
1038 890 1084 927 ad
1116 889 1305 940 parietalia
1337 902 1425 928 ossa
1456 890 1674 929 ascendunt.

183 963 311 1002 Artum
341 964 497 1015 primum
530 963 786 1013 longissimum
819 965 854 1002 in
885 965 1037 1001 cornice
1069 976 1177 1001 unum
1210 963 1376 1013 digitum,
1416 963 1570 1002 alterum
1600 976 1674 1002 un-

184 1038 305 1076 decim
336 1037 454 1075 lineas
485 1043 522 1075 et
551 1039 698 1076 tertium
728 1043 805 1076 tres
836 1037 953 1075 lineas
984 1036 1136 1086 longum
1167 1038 1300 1075 inveni.

299 1135 332 1160 c.
377 1122 649 1161 Processus
687 1122 957 1174 spatulatus
997 1128 1054 1160 est
1084 1134 1287 1173 processus
1318 1123 1465 1174 quidam
1497 1124 1549 1173 (in
1581 1134 1674 1161 cor-

185 1198 268 1235 nice
299 1198 461 1247 quinque
491 1196 626 1244 lineas)
668 1196 802 1245 longus
842 1196 1013 1246 idemque
1044 1195 1196 1246 planus,
1233 1197 1295 1247 qui
1332 1202 1545 1247 postremae
1582 1197 1677 1247 parti

186 1272 357 1321 corporis
395 1271 494 1307 ossis
532 1270 682 1319 hyoidei
729 1270 935 1308 adhaerens
975 1281 1042 1320 pro
1083 1271 1359 1308 continuatione
1397 1271 1511 1321 ipsius
1549 1269 1677 1308 haberi

186 1350 332 1395 potest;
363 1344 409 1381 ab
442 1356 488 1381 eo
522 1349 657 1391 tamen,
690 1356 799 1394 quum
834 1343 1094 1393 cartilagineus
1122 1345 1180 1392 sit,
1213 1343 1347 1381 differt.
1406 1343 1676 1392 Fulcitlaryn—

188 1430 275 1467 gem
307 1418 551 1468 superiorem.

302 1502 336 1540 d.
384 1501 504 1539 Ossa
536 1502 825 1551 entoglossa
857 1501 1072 1554 (Nitzschii)
1103 1502 1277 1539 anteriori
1297 1503 1392 1552 parti
1413 1502 1584 1553 corporis
1603 1501 1676 1539 ad-

188 1577 273 1624 fixa,
306 1576 483 1613 internam
513 1574 673 1625 linguam
707 1574 877 1612 formant.
937 1574 1196 1612 Parallclarum
1227 1575 1404 1613 linearum
1435 1576 1578 1613 ratione
1607 1575 1677 1613 sibi

187 1649 359 1687 adiacent
389 1654 645 1699 praeterquam
685 1649 720 1686 in
759 1648 853 1693 basi,
892 1650 927 1686 in
965 1660 1037 1699 qua
1075 1648 1245 1687 foramen
1284 1648 1469 1699 quoddam
1506 1649 1674 1687 reddunt.

189 1724 364 1761 Anterior
394 1734 479 1772 pars
511 1723 628 1759 tenuis
661 1727 698 1759 ct
728 1727 883 1771 angusta
922 1735 1072 1773 semper
1111 1722 1351 1772 cartilaginea
1382 1723 1574 1760 invenitur.
1636 1722 1676 1760 In

189 1797 355 1845 margine
385 1797 575 1846 utriusque
607 1807 734 1833 eorum
767 1797 976 1846 posteriffle
1007 1808 1211 1847 processus
1234 1795 1381 1847 quidam
1403 1801 1460 1833 est
1481 1802 1676 1834 retrover-

190 1882 267 1918 sus,
300 1869 398 1920 quod

305 1966 337 1991 e.
386 1953 543 1992 Cornu
581 1955 730 1991 minus
770 1959 917 1991 vocant.
985 1953 1088 1991 Haec
1134 1959 1255 1991 autem
1302 1965 1438 1991 cornua
1479 1955 1513 1991 in
1555 1955 1679 1992 corvis

191 2039 263 2066 non
295 2026 493 2076 singularia
525 2039 612 2065 ossa
644 2033 740 2074 sunt,
773 2027 838 2065 sed
870 2039 1074 2078 processus
1107 2028 1245 2065 ossium
1272 2027 1587 2077 entoglossorum.
1636 2026 1677 2065 ln

193 2101 343 2139 cornice
374 2113 417 2139 ea
450 2102 570 2138 inveni
603 2097 671 2149 l‚5
702 2100 818 2139 lineas
849 2100 972 2151 longa.

606 2403 1265 2461 SEGTK)ALTERA.

784 2542 896 2594 Ossa
936 2543 1084 2593 minci-

310 2650 516 2690 Corvorum
561 2658 711 2690 truncus
758 2660 905 2691 constat
942 2666 963 2691 e
1002 2654 1234 2704 septuaginta
1274 2652 1421 2690 ossibus
1461 2665 1594 2704 nempe
1633 2665 1680 2691 ex

195 2723 344 2763 ossibus
374 2726 503 2776 spinae
535 2726 800 2775 vertebrarum,
834 2739 881 2764 ex
913 2726 1063 2765 ossibus
1094 2727 1259 2777 pectoris
1292 2731 1327 2763 et
1357 2725 1490 2776 pelvis.
