1752 2927
772 93 834 137 45

67 226 240 264 inferiore
270 227 305 264 in
335 232 437 277 parte
469 227 503 263 in
534 226 681 263 cristam
713 226 800 271 exit,
833 236 927 275 quae
958 224 1040 262 dein
1071 229 1244 274 tanquam
1266 221 1375 260 linea
1397 234 1545 272 aspera

68 301 103 337 iu
144 311 302 350 corpore
351 300 589 349 conspicitur.
650 298 744 336 Huic
789 299 922 335 cristae
969 297 1094 348 plures
1140 295 1293 334 musculi
1338 295 1543 344 affiguntur.

66 372 184 410 Fossa
215 384 363 423 quoque
402 372 581 410 tuberculi
612 373 784 420 minoris,
829 372 920 409 intra
951 383 1032 408 eam
1071 372 1217 408 cristam
1257 371 1345 416 sita,
1392 373 1546 419 apparet

69 446 191 496 plana.

183 535 363 586 Corpus
414 535 601 574 brachii
651 534 874 581 rotundum,
934 539 1094 583 excepta
1143 532 1202 569 illa
1252 532 1347 570 linea
1397 543 1542 581 aspera,

69 610 201 647 inveni.

183 699 468 736 Extremitas
500 697 727 744 inferior,
760 698 791 734 si
821 696 975 734 formam
1008 696 1249 746 respicimus,
1281 695 1438 732 hominis
1471 706 1544 731 ex-

68 774 238 809 tremitati
270 771 463 818 simiilima‚
497 770 563 808 sed
594 772 787 821 superiore
819 769 931 819 longe
962 770 1080 807 minor
1102 774 1233 806 exstat.
1281 766 1546 805 Tuber-culum

68 846 266 883 internum
288 846 495 892 maximum,
528 844 592 881 sed
625 844 795 882 deorsum
828 844 945 892 magis
978 855 1085 892 quam
1117 844 1348 880 extrinsecus
1379 853 1544 878 conver-

67 930 147 956 sum
178 919 311 955 inveni.
372 916 601 955 Externum
633 922 753 954 autem
785 915 1034 954 tuberculum
1066 916 1248 953 minimum
1272 916 1428 952 incisura
1453 926 1546 964 pro-

68 991 176 1029 funda
222 1003 241 1029 a
282 990 398 1029 rotula
445 991 671 1039 disiungitur.
739 989 837 1027 Inter
875 995 1067 1039 utrumque
1102 987 1330 1026 tuberculum
1368 989 1546 1025 intersunt

67 1063 204 1102 rotula
261 1077 304 1102 ac
359 1062 544 1101 troelzlea
603 1075 671 1100 nec
727 1064 877 1113 proprio
930 1062 1077 1099 cubitali
1128 1062 1322 1112 processui
1372 1061 1541 1098 insident.

67 1137 250 1175 Trochlea
297 1137 502 1174 conformat
548 1135 744 1184 condylum
792 1135 1014 1184 oblongum,
1065 1134 1155 1172 infra
1206 1134 1458 1179 rotundatum,
1510 1139 1546 1170 et

66 1211 223 1247 incisura
255 1210 409 1260 quadam
443 1221 462 1246 a
493 1208 610 1246 rotula
650 1214 851 1258 separatur.
911 1207 1005 1245 Post
1040 1206 1245 1245 trochleam
1281 1208 1436 1257 fossam
1472 1218 1546 1255 po-

65 1283 283 1330 steriorem,
315 1284 349 1320 iu
382 1294 489 1332 quam
522 1281 722 1319 olecranon
754 1282 881 1328 intrat,
915 1281 998 1318 dum
1031 1280 1238 1318 extenditur
1267 1279 1477 1324 brachium,
1509 1283 1547 1315 et

68 1362 153 1394 ante
199 1356 402 1394 trochleam
446 1357 603 1406 fossam
643 1354 888 1392 arder-iorem
936 1355 1198 1403 conspicimus.
1259 1352 1389 1390 Rotula
1428 1354 1545 1400 magis

68 1442 174 1480 quam
214 1429 379 1467 trochlea
419 1431 630 1480 prominens
671 1439 742 1465 non
783 1427 900 1465 solum
942 1439 1021 1465 cum
1054 1427 1178 1474 radio,
1224 1426 1289 1463 sed
1322 1427 1430 1463 etiam
1463 1437 1544 1462 cum

68 1503 168 1541 fossa
220 1502 424 1552 sigmoidea
476 1503 616 1539 minore
666 1507 702 1538 et
747 1499 940 1538 tuberculo
987 1501 1128 1538 interno
1174 1498 1282 1537 ulnae
1322 1511 1364 1536 os
1406 1499 1546 1536 brachii

69 1577 266 1613 connecur

183 1671 235 1709 Os
280 1671 419 1709 brachii
465 1683 547 1708 cum
590 1671 730 1708 humeri
776 1669 923 1707 ossibus
970 1669 1166 1718 colligatur
1204 1681 1271 1719 per
1310 1668 1404 1705 haec
1443 1667 1544 1716 liga-

68 1750 212 1782 menta:

183 1848 216 1873 a.
251 1834 341 1886 [259.
376 1833 593 1885 capsulam
623 1832 787 1881 humeri,
821 1839 938 1871 ortum
971 1834 1004 1870 in
1037 1834 1203 1882 margine
1234 1832 1361 1870 fossae
1392 1831 1545 1880 glenoi-

68 1908 172 1957 dalis,
206 1910 304 1946 circa
335 1908 493 1957 affigitur
525 1909 631 1958 capiti
665 1907 817 1944 brachii.

179 1999 215 2036 b.
262 1997 355 2049 Liy.
396 1997 880 2035 ltaecnzero-coracoz'deum
918 1997 1098 2033 anterius
1134 1996 1323 2046 superius
1361 1996 1475 2032 oritur
1510 1995 1546 2032 in

67 2072 308 2111 tuberositate
341 2072 586 2118 coramidea,
633 2070 766 2108 deinde
797 2082 909 2121 super
937 2069 1128 2109 articulum
1170 2070 1390 2116 decurrens,
1437 2079 1546 2123 supra

67 2147 227 2196 affigitur
257 2144 448 2183 tuberculo
480 2146 623 2183 minori.

181 2248 214 2274 c.
260 2234 355 2287 Liy.
395 2233 891 2273 humero-coracoitleum
931 2233 1113 2272 anterius
1151 2232 1326 2284 inferius
1365 2231 1547 2282 superiori

68 2309 264 2347 subiacens
297 2311 409 2347 oritur
439 2309 474 2346 in
505 2320 688 2359 processu
720 2307 895 2345 humerali
926 2307 1026 2345 ossis
1059 2305 1273 2344 coracoidei
1295 2310 1332 2342 et
1353 2304 1546 2342 descendit

67 2383 112 2421 ad
144 2382 372 2421 tuberculum
403 2383 530 2420 maius.

183 2478 215 2515 d.
248 2476 341 2529 Liy.
374 2475 748 2515 comeo-humerale
778 2482 895 2514 ortum
926 2477 961 2514 in
992 2475 1178 2513 anteriore
1207 2479 1311 2524 parte
1341 2483 1546 2523 processus

68 2550 266 2603 humeralis
298 2553 395 2588 ossis
424 2550 638 2589 coracoidei
669 2550 829 2599 affigitur
858 2548 1049 2587 tuberculo
1081 2548 1222 2586 maiori.

183 2654 216 2679 e.
249 2640 343 2692 Liy.
376 2640 793 2691 humero-scapulare
824 2642 916 2678 inter
943 2651 1164 2691 processum
1196 2635 1420 2675 humeralem
1452 2646 1544 2673 sca-

69 2715 177 2767 pulae
209 2721 245 2752 et
277 2720 387 2766 caput
417 2715 557 2753 brachii
588 2715 752 2752 interest.

1293 2776 1347 2812 4*
