1752 2927
699 706 1084 772 VITA.

826 861 967 881 ψ

153 958 276 1007 Natus
297 982 376 1008 snm
394 970 639 1008 Vratislaviae
662 970 720 1008 die
742 967 808 1007 ⁴22.
840 983 888 1008 m.
911 969 1103 1021 Septemb.
1136 971 1219 1008 anni
1240 970 1345 1008 huius
1367 969 1507 1008 saeculi
1529 970 1638 1007 vice-

154 1044 235 1080 simi
267 1046 389 1081 octavi
410 1044 623 1094 parentibus
646 1043 720 1081 Ge.
744 1043 948 1081 ilenrico
971 1044 1245 1091 Bernstein,
1277 1042 1493 1094 professore
1516 1044 1551 1080 in
1570 1043 1641 1080 hac

154 1118 391 1154 universitate
417 1117 455 1155 P.
480 1117 524 1166 O,
559 1123 594 1155 et
625 1118 827 1167 Agatha,
869 1129 888 1154 e
913 1123 1024 1165 gente
1047 1116 1366 1164 Bruechneriana‚
1400 1115 1640 1165 evangelicae

155 1188 239 1226 fidei
271 1189 450 1228 addictus.
511 1191 622 1228 Domi
652 1191 752 1228 initio
785 1192 967 1228 institutus
999 1201 1032 1227 a.
1068 1186 1176 1227 1840
1206 1190 1439 1238 gymnasium
1478 1188 1640 1238 Magda-

156 1262 320 1310 lenense,
363 1264 460 1314 quod
494 1262 863 1301 Sehoenbornio
895 1263 990 1300 duce
1020 1266 1055 1300 in
1086 1263 1155 1300 hac
1186 1261 1276 1300 urbe
1308 1262 1427 1310 floret,
1458 1261 1640 1313 frequen-

157 1341 235 1373 tare
267 1339 397 1387 coepi,
437 1349 470 1374 a.
505 1333 613 1375 1842
647 1342 808 1374 exeunte
841 1349 968 1374 mense
999 1335 1129 1374 Martio
1162 1341 1282 1372 autem
1316 1347 1397 1372 eum
1429 1334 1642 1386 parentibus

158 1408 407 1447 dilectissimis
447 1412 479 1448 in
513 1409 651 1447 ltaliam
684 1410 855 1457 discessi,
895 1411 929 1447 in
968 1422 1041 1460 quo
1074 1411 1203 1447 itinere
1236 1420 1364 1446 comes
1397 1409 1482 1446 mihi
1512 1408 1577 1446 suit
1607 1413 1644 1446 et

157 1488 380 1533 praeceptor
423 1483 693 1532 Baumgart‚
746 1483 811 1521 Dr.
849 1483 935 1534 phil.
981 1484 1143 1533 artisque
1183 1483 1347 1519 musicae
1384 1482 1419 1519 in
1463 1482 1532 1519 hac
1577 1481 1642 1518 lit-

159 1562 318 1594 terarum
356 1557 447 1594 sede
487 1569 582 1594 nunc
621 1557 810 1606 magister.
886 1556 1016 1594 Redux
1056 1568 1104 1593 ex
1143 1557 1270 1593 itinere
1311 1567 1358 1592 m.
1397 1554 1500 1592 Iunio
1535 1551 1643 1592 1843

159 1628 255 1666 idem
287 1632 518 1679 gymnasium
551 1642 617 1680 per
647 1629 761 1667 breve
793 1635 958 1680 tempus,
998 1628 1131 1666 deinde
1161 1640 1251 1665 vero
1284 1627 1449 1665 scholam
1481 1627 1643 1665 Porten-

162 1715 241 1740 sem
273 1703 357 1751 adii,
388 1705 663 1753 interiectisque
695 1702 809 1740 tribus
841 1704 944 1739 annis
976 1707 1012 1740 et
1043 1714 1110 1739 sex
1141 1701 1332 1739 mensibus
1363 1702 1502 1751 primae
1533 1700 1645 1738 classi

162 1778 345 1826 gymnasii
376 1776 652 1821 Elisabeth-ani,
687 1778 743 1813 cui
767 1775 910 1813 clariss.
932 1775 996 1813 Dr.
1020 1775 1212 1813 Fickert
1243 1780 1403 1825 praeest,
1435 1773 1644 1824 adscriptus

161 1849 206 1886 ab
248 1862 368 1900 eoque
408 1849 554 1887 biennio
596 1855 702 1900 post⁷
748 1850 959 1887 testimonio
1000 1849 1213 1886 maturitatis
1246 1854 1475 1895 exstructus,
1517 1859 1644 1884 mense

163 1924 265 1973 Sept.
297 1936 330 1959 a.
365 1919 473 1960 1849
505 1923 676 1961 dimissus
698 1936 790 1960 sum.
836 1922 893 1960 Ab
926 1921 1093 1959 eiusdem
1115 1923 1198 1958 anni
1219 1933 1349 1958 mense
1372 1920 1540 1968 Octobri,
1572 1932 1645 1971 quo

162 1995 206 2033 ab
239 1996 288 2034 ili.
321 1999 347 2033 K
362 2009 426 2034 um
440 2009 552 2045 mer,
584 2002 609 2034 t.
642 2003 666 2033 t.
698 2003 845 2034 rectore
877 1996 1088 2045 magnifico,
1119 1996 1212 2032 inter
1244 1995 1344 2031 cives
1375 1994 1479 2032 huius
1500 1993 1644 2031 acade-

163 2072 257 2108 miae
288 2076 463 2120 receptus
496 2076 531 2107 et
561 2070 606 2108 ab
648 2069 696 2107 ill.
731 2069 987 2120 Goeppert‚
1034 2070 1187 2118 gratiosi
1234 2067 1461 2105 medicorum
1508 2066 1646 2105 ordinis

168 2144 324 2192 decano,
357 2145 391 2181 in
422 2156 610 2181 numerum
641 2144 847 2181 medicinae
879 2143 1099 2180 studentium
1132 2143 1270 2179 ascitus
1301 2154 1402 2190 sum,
1441 2141 1545 2178 hisce
1583 2141 1644 2178 in-

163 2217 272 2255 terfui
303 2216 544 2255 lectionibus:

603 2360 629 2401 1.
676 2358 828 2401 Ordinis
860 2357 1200 2410 Philosophorum.

165 2464 218 2503 111.
253 2463 595 2503 Gravenhorst:
657 2464 712 2500 Dc
745 2463 932 2512 zoologia,
966 2463 1009 2499 de
1040 2461 1300 2510 ornithologia,
1333 2460 1378 2499 de
1399 2460 1552 2498 historia
1572 2471 1645 2498 na-

436 2536 537 2573 turali
573 2536 768 2585 reptilium,
802 2536 846 2573 de
879 2535 1070 2572 elementis
1102 2533 1389 2582 entomologiae.

166 2626 219 2665 111.
252 2626 376 2664 Nees
408 2626 458 2663 ab
491 2625 766 2663 Esenbeek:
826 2626 882 2663 De
921 2625 1113 2663 elementis
1152 2624 1326 2662 historiae
1365 2621 1556 2670 naturalis,
1600 2621 1646 2659 de

440 2700 611 2737 botaniee
644 2705 680 2735 et
709 2698 873 2747 generali
905 2704 940 2735 et
972 2697 1135 2748 speciali.
