1752 2927
749 66 803 110 11

43 200 165 237 corvis
195 199 338 237 adfixos
368 198 501 236 inveni.
563 197 669 244 Quae
703 209 764 235 res
804 197 1020 235 sententiam
1058 207 1177 234 meam
1207 197 1324 243 iuvat,
1371 200 1511 245 partem

43 272 281 311 mastoideam
313 273 436 310 corvis
466 283 590 321 neque
622 272 701 308 scio
732 283 778 308 an
807 269 976 308 omnihus
1006 270 1136 308 avibus
1167 280 1240 307 non
1272 280 1370 306 esse.

153 343 242 382 Illae
273 346 380 383 etiam
411 344 519 381 binae
550 350 673 394 partes
703 345 739 381 in
769 345 892 380 corvis
922 343 1037 390 aliter,
1071 355 1177 392 quam
1208 343 1243 379 in
1274 341 1353 378 aliis
1383 340 1511 378 bestiis

41 429 127 455 sese
157 417 304 455 habent.
364 417 452 454 Pars
491 418 586 454 enim
626 428 823 466 squamosa
856 428 923 466 per
951 415 1098 464 longius
1128 421 1272 465 tempus
1304 426 1346 451 os
1378 415 1511 462 singu—

41 489 117 527 lare
146 496 287 539 manet3
319 490 417 540 quod
449 502 529 527 cum
561 488 640 526 aliis
672 488 819 526 ossibus
851 490 984 525 suturis
1017 489 1267 536 coniungitur,
1308 487 1389 523 dum
1422 497 1511 536 pars

41 569 190 613 petrosa
231 574 319 601 mox
357 574 438 600 cum
476 563 605 598 vicinis
645 560 809 611 partibus
851 562 947 598 ossis
987 559 1192 609 occipitalis
1230 565 1267 596 et
1296 558 1512 608 sphenoidei

42 637 262 673 concrescit.
321 635 376 672 Ea
407 634 452 672 de
483 646 595 671 causa
626 635 754 671 nescio
785 645 832 670 an
861 630 956 683 apud
986 644 1076 669 aves
1095 643 1181 682 pars
1202 637 1352 682 petrosa
1376 633 1512 680 optimo

40 709 118 745 iure
149 709 223 745 ossi
255 706 403 745 basilari
434 706 663 744 adnumerari
693 707 833 757 possit,
880 707 949 743 nisi
986 705 1194 742 anatomiae
1225 716 1333 754 quum
1361 703 1512 740 aliorum

40 780 246 818 animalium
276 785 349 817 tum
381 780 537 817 bominis
568 780 709 817 ratione
739 778 862 816 habita
894 778 1076 815 contraria
1108 777 1322 815 doceantur.
1368 824 1371 825 ⁷

153 865 185 890 a.
218 852 379 903 Utraque
409 864 519 903 pars
551 863 808 902 squamosa
838 851 993 889 formam
1024 851 1159 899 trigoni
1191 849 1329 899 obliqui
1360 848 1514 899 praebet

41 932 78 964 et
114 925 255 964 obtinet
291 925 480 963 lateralem
518 931 658 976 partem
697 925 821 962 cranii.
882 923 1050 972 Angulus
1081 923 1251 973 superior
1280 923 1512 960 acutissimus

40 1011 216 1049 squamae
259 998 370 1036 modo
414 998 523 1049 plano
569 997 760 1048 temporali
804 998 902 1034 ossis
945 997 1074 1034 frontis
1113 997 1286 1034 imminet.
1347 993 1513 1043 Margine

40 1083 240 1122 squamoso
273 1083 394 1121 eoque
424 1070 606 1121 perlongo
639 1082 682 1107 os
712 1076 917 1120 temporum
949 1075 1034 1119 post
1055 1073 1101 1106 -et
1131 1080 1240 1118 supra
1263 1079 1342 1104 cum
1365 1066 1512 1104 frontali

41 1150 78 1181 et
107 1143 273 1194 parietali
305 1156 391 1181 osse
422 1144 665 1192 coniungitur.
724 1143 794 1180 Hic
825 1154 954 1191 margo
985 1143 1103 1192 primo
1136 1147 1192 1178 sat
1220 1125 1322 1178 recte
1355 1127 1514 1177 decurrit

39 1229 156 1267 usque
186 1217 232 1254 ad
261 1215 432 1265 angulum
463 1215 703 1266 temporalem
736 1216 833 1253 ossis
863 1214 1070 1265 parietalis‚
1122 1218 1194 1250 tum
1236 1200 1393 1250 flectitur
1422 1211 1511 1249 infra

41 1295 77 1327 et
106 1295 296 1340 postremo
327 1291 455 1327 iterum
487 1288 676 1336 ascendit,
707 1288 828 1338 quoad
859 1289 974 1336 tangit
1006 1299 1049 1324 os
1081 1287 1270 1336 occipitis:
1317 1291 1426 1335 atque
1465 1285 1511 1321 ita

40 1362 100 1399 ille
131 1363 247 1412 primo
277 1362 383 1409 infra,
416 1367 487 1399 tum
519 1373 628 1411 supra
661 1372 848 1398 concavus
880 1361 927 1398 fit.
980 1359 1087 1412 Apud
1114 1361 1237 1397 varios
1268 1365 1388 1396 tamen
1420 1369 1512 1395 cor-

40 1446 109 1472 vos
141 1435 308 1472 diversus
339 1440 394 1472 est
424 1434 485 1472 ille
515 1427 656 1483 margo.
717 1433 757 1471 In
796 1445 937 1471 corone
968 1438 1004 1470 et
1035 1433 1186 1469 cornice
1217 1431 1377 1468 flexuras
1408 1442 1512 1467 mar-

40 1509 134 1556 ginis
166 1509 341 1556 exiguas,
379 1509 461 1545 itam
493 1508 529 1544 in
559 1506 777 1554 monedula,
819 1507 977 1543 maiores
1007 1511 1127 1542 autem
1159 1506 1194 1541 in
1224 1503 1431 1552 frugilego,
1478 1508 1514 1540 et

41 1582 199 1618 maxime
236 1582 453 1631 perspicuas
490 1581 612 1617 inveni
650 1580 686 1616 in
723 1580 831 1628 pica,
880 1579 981 1615 euius
1018 1589 1104 1628 pars
1136 1588 1332 1627 squamosa
1366 1577 1513 1613 omnino

42 1654 159 1702 magis
189 1652 332 1695 rhombi
363 1665 469 1703 quam
501 1653 635 1701 trigoni
665 1651 819 1689 formam
850 1650 1017 1702 praebet.
1069 1649 1236 1698 Angulus
1266 1650 1453 1699 posterior
1482 1659 1512 1684 s,

42 1726 290 1774 mastoideus,
336 1727 476 1776 siquis
509 1725 543 1762 id
575 1737 709 1762 nomeu
740 1736 890 1762 servare
923 1723 1030 1770 velit,
1077 1723 1310 1760 acutissimus
1348 1722 1442 1758 inter
1470 1732 1513 1757 os

41 1799 218 1850 pai-letale
257 1804 294 1836 et
330 1804 470 1849 partem
506 1797 693 1836 lateralem
733 1799 831 1842 ossis
870 1798 1040 1846 occipitis
1070 1796 1264 1846 procurrit.
1324 1793 1447 1832 Medio
1478 1795 1514 1830 in

41 1873 206 1921 margine
234 1871 422 1919 inferiore,
454 1872 515 1921 qui
544 1875 729 1921 petrosam
762 1875 900 1920 partem
933 1868 1097 1906 eiusdem
1130 1869 1227 1905 ossis
1258 1868 1386 1915 tangit,
1413 1879 1513 1916 pro-

43 1957 190 1981 cessum
221 1944 491 1994 auricularem
514 1944 755 1981 anteriorem
774 1943 1024 1992 superiorem
1056 1941 1318 1991 cognoscimus
1351 1944 1387 1976 et
1416 1940 1513 1976 iuxta

43 2030 123 2055 eum
153 2019 306 2068 fossam
338 2016 646 2067 conclyloc'deam
673 2027 739 2066 pro
771 2014 932 2064 condylo
963 2026 1165 2065 processus
1195 2012 1410 2050 auricularis
1440 2012 1513 2049 an-

42 2091 185 2128 terioris
223 2091 320 2127 ossis
361 2089 536 2140 quadrati.
595 2089 685 2126 Post
721 2100 801 2126 eam
842 2088 1003 2135 fossam,
1049 2088 1081 2124 si
1109 2088 1390 2124 rem'accurate
1421 2096 1513 2135 per-

43 2164 191 2201 scrutati
207 2163 415 2210 fuerimus,
448 2172 599 2212 parvum
630 2161 961 2198 animadvertemus
996 2160 1184 2206 foramen,
1224 2171 1292 2209 per
1321 2157 1418 2208 quod
1450 2157 1515 2194 aar

43 2238 78 2273 in
124 2216 220 2273 ossis
265 2241 469 2285 temporum
516 2240 558 2273 et*
597 2234 729 2272 deinde
768 2233 956 2284 parietalis
994 2234 1091 2270 ossis
1137 2231 1289 2269 cellulas
1333 2231 1513 2281 pervenit.

44 2308 207 2346 Orbitam
244 2320 374 2353 versus
412 2320 539 2356 margo
570 2307 722 2344 inferior
749 2308 785 2344 in
810 2308 1047 2357 processum
1081 2303 1289 2341 orbitalem
1318 2303 1513 2340 admodum

43 2381 176 2418 fortem
215 2382 363 2428 transit,
409 2381 469 2431 qui
507 2379 709 2430 respondet
745 2380 940 2429 processui
979 2378 1214 2427 zygomatico
1260 2375 1512 2414 mammalium.

45 2454 174 2502 Margo
204 2455 365 2491 anterior
395 2466 424 2491 s.
458 2453 642 2500 orbitalis‚
674 2458 711 2490 ut
741 2464 875 2490 nomen
907 2453 1026 2501 ipsum
1057 2451 1181 2498 docet,
1214 2449 1367 2486 orbitam
1400 2448 1516 2495 tangit

41 2533 102 2574 et,
134 2539 153 2564 a
184 2526 304 2563 fronte
334 2526 480 2564 modice
511 2537 710 2573 concavus,
737 2537 973 2575 processum
1002 2520 1387 2572 spheno-m-bicalem
1418 2521 1514 2556 ossis

46 2599 263 2649 sphenoidei
293 2610 340 2636 ex
368 2604 471 2649 parte
501 2598 643 2635 format.
704 2597 762 2635 Ex
782 2598 855 2635 hoc
885 2608 1067 2646 processu
1100 2594 1210 2632 linea
1233 2591 1513 2631 semicircula-

45 2673 103 2709 ris
131 2672 176 2709 ad
206 2683 424 2722 processum
455 2669 696 2708 auricularem
725 2671 969 2720 posteriorem
1002 2669 1231 2718 superiorem
1253 2666 1425 2710 decurrit,
1457 2665 1514 2701 cui

1290 2732 1313 2767 2
