1752 2927
886 67 951 112 44

178 198 392 237 coracoidei
430 204 466 237 et
504 198 669 236 surculae
708 198 878 247 affixum,
924 200 1080 251 spatium
1119 200 1213 237 inter
1251 211 1295 237 ea
1333 210 1420 237 ossa
1459 197 1658 238 concludit.

178 272 334 311 Musculi
365 284 514 323 quoque
547 273 581 310 ei
611 274 832 310 inseruntur.

293 357 325 384 c,
372 343 465 396 Liy.
498 345 896 397 corace-furculum
931 345 1048 384 breve
1078 347 1230 384 interest
1259 348 1354 385 inter
1382 345 1660 384 tuberositatem

180 418 401 457 furcularem
433 420 530 457 ossis
562 419 776 457 coracoidei
809 425 845 457 et
874 420 969 458 inter
998 419 1188 458 furculam.

295 493 329 531 d.
375 491 470 544 Liq.
506 492 932 544 furculo-scapulare
979 495 1167 532 connectit
1204 493 1375 543 angulum
1414 494 1662 544 posteriorem

180 568 419 605 extremitatis
450 567 648 605 humeralis
678 567 844 605 furculae
875 579 959 606 cum
990 567 1188 618 superficie
1228 568 1420 618 superiore
1460 578 1663 618 processus

180 639 374 678 surcularis
404 639 593 692 scapulae.

585 761 640 798 4.
686 759 754 798 Os
777 759 1258 808 humero-capsulam.

295 843 377 881 Hoc
414 855 566 895 parvum
605 856 650 881 ac
690 845 901 894 triquetrum
940 844 1139 882 ossiculum
1171 844 1325 892 margini
1356 843 1538 894 superiori
1568 854 1663 893 pro-

182 929 312 955 cessus
343 917 542 955 humeralis
573 917 749 968 scapulae
780 917 944 956 insidens
975 919 1109 955 inveni.
1170 915 1302 954 Basts
1332 918 1433 964 eius,
1473 917 1662 954 extrinse-

182 1003 247 1029 cus
277 990 407 1038 latior,
448 990 666 1040 cartilagine
698 990 847 1028 obtecta
883 997 941 1029 est
972 997 1028 1039 et,
1066 992 1258 1029 interiecta
1289 992 1382 1028 inter
1411 1002 1454 1027 os
1486 991 1664 1027 coracoi-

182 1065 290 1103 deum
331 1070 368 1102 et
405 1063 619 1115 scapulam,
666 1065 897 1115 superiorem
938 1064 1065 1102 fossae
1103 1063 1324 1113 glenoidalis
1354 1064 1493 1102 humeri
1523 1068 1665 1113 partem

182 1139 297 1188 lingit.
356 1137 539 1188 Equidem
571 1138 644 1176 hoc
675 1137 900 1185 ossiculum,
932 1138 1032 1189 quod
1064 1150 1149 1175 sero
1181 1139 1214 1175 in
1247 1137 1483 1175 substantiam
1517 1147 1665 1173 osseam

181 1213 330 1258 transit,
377 1211 532 1249 habeam
572 1224 640 1262 pro
679 1212 845 1249 acromio
884 1212 918 1249 in
958 1213 1145 1262 proprium
1178 1223 1220 1248 os
1252 1216 1409 1258 mutato,
1456 1212 1558 1247 cuius
1596 1210 1666 1246 situ

183 1287 362 1323 sententia
395 1297 475 1322 mea
507 1284 655 1335 probari
686 1285 841 1323 videtur.

895 1462 949 1504 ΙΙ.

681 1551 729 1594 os
760 1552 912 1594 brachii
943 1562 975 1594 s.
1005 1551 1167 1594 humeri.

296 1669 335 1708 ln
374 1669 517 1708 sceleto
557 1671 659 1708 corvi
698 1682 741 1708 os
781 1670 920 1708 brachii
957 1669 1223 1708 validissimum
1263 1674 1438 1720 apparet,
1488 1669 1665 1720 imprimis

185 1744 284 1794 quod
316 1744 359 1782 ad
393 1744 746 1781 extremitatem
780 1744 1082 1794 superiorem
1115 1743 1254 1780 attinet.
1304 1743 1407 1780 Haec
1429 1744 1523 1780 enim
1546 1741 1667 1793 ampla

186 1823 223 1854 et
253 1817 426 1864 robusta,
466 1817 532 1854 sed
566 1817 796 1868 complanata
828 1829 873 1854 ac
903 1816 1026 1868 paullo
1058 1816 1229 1854 deorsum
1260 1816 1356 1854 flexa
1387 1822 1553 1867 apparet.
1613 1815 1667 1853 Ea

186 1891 418 1927 extrinsecus
448 1889 582 1940 plana,
614 1890 734 1928 media
765 1895 901 1928 tantum
932 1891 968 1927 in
996 1894 1102 1940 parte
1134 1889 1281 1927 modice
1312 1901 1500 1936 concava,
1533 1889 1668 1926 intrin-

186 1975 297 2001 secus
329 1970 458 2002 contra
489 1964 631 2002 duabus
661 1963 966 2002 excavationibus
988 1963 1188 2001 maioribus
1209 1964 1385 2000 instructa
1409 1968 1477 2000 est.
1530 1960 1669 2013 Caput

186 2036 367 2079 brachii,
407 2038 475 2075 etsi
507 2037 710 2087 oblongum
741 2043 777 2074 et
807 2039 897 2075 satis
936 2036 1118 2088 amplum,
1159 2048 1287 2087 parum
1326 2042 1448 2074 tamen
1487 2029 1667 2084 eminens,

188 2112 391 2160 marginem
430 2123 640 2161 supremum
681 2112 792 2148 totius
834 2112 933 2148 ossis
972 2110 1125 2148 obtinet.
1185 2110 1244 2148 Ad
1280 2110 1440 2148 frontem
1472 2121 1602 2147 versus
1633 2114 1670 2147 et

187 2186 408 2222 intrinsecus
455 2183 570 2221 sulco
617 2182 913 2234 lonyitudinali
955 2184 1159 2233 seiungitur
1204 2183 1250 2221 ab
1295 2183 1409 2221 arduo
1460 2181 1669 2220 tuberculo

186 2258 351 2299 maiore,
383 2256 480 2307 quod
513 2258 589 2294 exit
618 2256 789 2294 deorsum
822 2257 857 2294 in
880 2256 1045 2293 cristam
1067 2255 1269 2294 tuber-eali
1297 2256 1501 2293 maiorem.
1551 2255 1668 2304 Haec,

189 2331 422 2367 extrinsecus
454 2329 600 2367 modice
632 2341 821 2376 convexa,
863 2328 1071 2366 conformat
1107 2330 1327 2367 intrinsecus
1365 2341 1445 2366 cum
1476 2328 1668 2366 tuberculo

187 2404 327 2440 maiore
366 2402 579 2441 altissimam
617 2404 773 2453 fossam
813 2400 1015 2439 tubere-uli
1050 2402 1238 2449 maioris,
1277 2403 1380 2439 cuius
1420 2403 1454 2439 in
1486 2401 1668 2452 profundo

187 2475 290 2527 plura
328 2475 507 2513 foramina
548 2476 845 2526 conspiciuntur,
889 2487 958 2522 per
996 2487 1090 2525 quae
1128 2479 1194 2512 εἰέκ·
1230 2487 1251 2512 e
1288 2476 1409 2512 saccis
1449 2475 1668 2526 aerophoris

187 2549 352 2600 pectoris
383 2549 418 2586 in
448 2549 628 2586 internum
659 2548 846 2587 brachium
878 2549 1060 2599 pervenit.
1118 2548 1208 2585 Post
1238 2554 1347 2598 caput
1377 2548 1515 2586 brachii
1547 2554 1669 2586 exstat

188 2634 298 2672 parva
332 2633 452 2672 eaque
483 2620 644 2660 obscura
676 2623 896 2669 eminentia,
929 2633 1024 2671 quae
1056 2621 1154 2659 nullo
1187 2621 1293 2659 sulco
1324 2634 1343 2659 a
1377 2623 1497 2672 capite
1529 2634 1668 2671 segre-

188 2699 295 2743 gata,
339 2706 406 2744 pro
446 2695 548 2731 initio
586 2693 785 2732 tubere-uli
819 2694 988 2731 minoris
1024 2693 1152 2732 haberi
1192 2700 1327 2745 potest.
1400 2694 1481 2732 Hoc
1520 2706 1669 2745 quoque
