1752 2927
799 72 824 116 9

75 205 239 255 partium.
282 203 437 242 Constat
466 204 559 241 enim
592 209 726 242 tantum
757 215 805 241 ex
835 203 902 241 alis
916 200 960 252 ἐς“)
993 202 1227 254 (maioribus)
1250 209 1286 241 et
1308 214 1481 254 corpore,
1512 204 1546 241 in

75 290 147 327 qno
180 278 407 328 potissimum
439 281 610 314 ros-creme
642 276 912 327 sphenoidale
933 277 1187 326 magnitudine·
1200 275 1362 321 excellit.
1404 275 1548 326 Corpus

75 357 112 388 et
142 357 292 400 utraque
324 349 379 387 ala
411 351 445 387 in
478 350 578 387 foetu
609 350 721 387 veluti
752 350 896 399 singula
939 356 974 387 et
1012 349 1108 387 bene
1141 355 1348 399 ,segregata
1386 348 1547 387 ossicula

75 431 263 473 apparent,
296 436 390 473 quae
421 424 564 460 demum
598 424 631 460 in
661 423 761 473 pullo
794 422 1010 460 coalescunt
1039 424 1074 460 in
1104 435 1213 460 unum
1245 435 1301 460 os.
1356 422 1474 459 Omne
1506 434 1548 459 os

76 497 340 546 sphenoideum
378 509 444 547 per
483 496 595 533 breve
637 502 772 533 tantum
810 501 953 545 tempus
992 495 1099 545 plane
1131 496 1392 543 cognoscitur,
1438 480 1547 545 quum

77 571 143 606 iam
175 571 209 607 in
240 581 308 606 ave
338 581 476 619 paucas
508 568 761 606 hebdomades
791 574 874 605 nata
906 573 941 604 et
973 579 1055 604 cum
1088 580 1176 604 osse
1207 569 1378 617 occipitis
1410 573 1548 605 etcum

75 643 238 692 partibus
277 645 434 691 petrosis
476 642 612 678 ossium
646 647 850 691 temporum
890 641 924 677 in
963 641 1107 677 unicum
1148 652 1190 677 os
1223 642 1455 677 coniunctum
1486 641 1548 677 in—

75 716 251 752 veniatur.

188 800 218 824 a.
260 787 413 824 Primum
447 799 497 825 co
512 800 618 838 rpus
648 787 935 838 perlustremus,
968 786 1066 837 quod
1099 786 1240 824 obtinet
1270 792 1305 824 et
1335 785 1483 824 inferius
1514 791 1551 822 et

75 861 232 898 medium
265 867 299 897 et
330 862 489 898 anterius
527 862 698 898 cranium.
759 860 880 898 Media
922 861 956 897 in
995 865 1098 910 parte
1138 848 1550 909 superficieiinternae

76 936 339 981 cognoscimus
375 936 538 983 foveam
582 935 669 970 satis
708 933 925 984 profundam
957 939 995 970 et
1021 931 1147 970 sellae
1178 934 1360 969 {ardeae
1396 932 1550 969 hominis

76 1007 315 1051 simillimam,
364 1007 397 1043 in
440 1018 508 1056 qua
550 1008 669 1056 posita
706 1012 763 1043 est
801 1004 971 1054 glandula
1011 1007 1204 1056 pituitaria.
1266 1005 1361 1042 Ante
1402 1011 1438 1042 et
1467 1011 1552 1055 post

76 1081 170 1118 illam
201 1080 306 1117 binae
339 1091 474 1130 parvae
507 1081 633 1130 spinae
667 1081 916 1126 irweniunlur,
957 1091 1051 1129 quos
1078 1092 1298 1129 processus
1329 1078 1553 1115 elinoz‘deos

76 1154 300 1190 anteriores
331 1159 367 1190 et
383 1154 634 1202 posteriores
655 1153 789 1190 habeo.
835 1152 892 1190 De
923 1152 979 1189 his
1011 1152 1214 1199 descendit,
1246 1153 1295 1189 uti
1327 1153 1361 1189 in
1391 1152 1551 1198 homine,

77 1226 207 1264 clivus
227 1228 322 1264 inter
352 1228 536 1275 margines
568 1227 779 1276 superiores
809 1227 962 1276 partium
995 1231 1227 1275 petrosarum
1259 1226 1376 1273 magis
1406 1226 1552 1273 magis-

76 1313 146 1351 que
179 1300 426 1349 divergentes.
489 1300 605 1349 Supra
637 1299 733 1336 illam
771 1301 935 1349 foveam
971 1312 1051 1348 pro
1084 1296 1288 1348 ¹qlandula
1313 1298 1551 1348 pituitaria,

76 1373 142 1411 sed
174 1373 264 1410 infra
294 1372 462 1410 laminam
496 1373 698 1410 cribrosam
732 1374 829 1410 ossis
862 1372 1060 1410 ethmoidei
1091 1372 1203 1409 altera
1226 1371 1419 1409 admodum
1442 1383 1553 1422 parva

78 1447 187 1484 fovea
219 1447 288 1484 sita
320 1451 388 1493 est,
421 1447 455 1482 in
487 1458 556 1496 qua
590 1446 750 1483 chi-asma
782 1457 975 1482 nervorum
1001 1447 1206 1495 optinorum
1230 1446 1421 1495 reperitur,
1454 1445 1552 1482 iuxta

75 1526 194 1558 autem
225 1519 320 1557 hanc
350 1518 496 1556 foveam
530 1520 563 1556 in
592 1525 749 1569 utroque
780 1518 895 1556 latere
923 1520 1112 1569 foramen
1144 1524 1200 1555 est
1230 1519 1422 1568 optivum,
1454 1517 1553 1568 qnod

75 1593 121 1631 ab
152 1593 268 1630 altero
300 1593 398 1629 tenni
428 1592 556 1629 lamina
590 1604 701 1629 ossea
733 1598 963 1641 segregatur.
1023 1591 1118 1629 Infra
1159 1596 1195 1628 et
1226 1597 1329 1629 extra
1360 1597 1553 1641 utrumqne

77 1667 242 1704 foramen
273 1667 432 1717 opticum
466 1665 536 1703 alia
569 1665 640 1703 duo
673 1666 850 1703 foramina
872 1676 1053 1716 perparva
1076 1666 1339 1715 conspicimus,
1373 1677 1438 1715 per
1459 1677 1553 1714 quae

77 1752 212 1778 nervus
258 1745 294 1777 et
338 1739 671 1777 oculo-motorins
712 1746 747 1776 et
784 1738 1002 1776 trochlearis
1047 1737 1084 1775 in
1129 1738 1285 1776 orbitam
1323 1739 1553 1788 perveniunt.

76 1813 272 1851 Praeterea
312 1807 420 1863 supra
459 1812 625 1850 foramen
657 1814 818 1863 opticnm
849 1812 1001 1849 alterum
1033 1818 1090 1849 est
1120 1811 1304 1859 foramen,
1350 1823 1418 1861 per
1456 1811 1554 1861 quod

76 1888 209 1924 arteria
241 1886 419 1936 quaedam
452 1898 472 1923 e
503 1887 626 1923 cranio
659 1886 703 1923 ad
736 1885 880 1923 oculum
913 1884 1118 1922 descendit.
1175 1885 1289 1922 Hisce.
1320 1884 1364 1922 ab
1396 1884 1554 1921 forami-

78 1959 182 1997 nibus
216 1971 350 2010 corpns
383 1960 479 1996 ossis
510 1959 728 2009 sphenoidei
760 1960 795 1996 in
825 1965 1016 2008 utrumque
1047 1958 1141 1995 latus
1172 1970 1288 2007 usqne
1320 1957 1364 1995 ad
1398 1963 1554 1995 meatum

78 2033 293 2070 auditorium
336 2036 602 2069 externum'et
640 2038 763 2082 partes
802 2031 1069 2080 mmdyloideas
1108 2032 1204 2067 ossis
1254 2032 1425 2082 occipitis
1468 2043 1555 2068 sese

79 2106 261 2152 extendit,
308 2106 340 2142 in
381 2106 578 2155 superficie
616 2105 790 2142 inferiore
830 2104 961 2142 lamina
1002 2105 1160 2154 tympani
1193 2105 1248 2141 sic
1280 2103 1375 2141 dieta
1408 2109 1554 2141 tectum.

78 2179 116 2216 ln
146 2180 330 2216 anteriore
361 2184 463 2228 parte
494 2180 676 2228 prominet
713 2182 882 2214 rosh-nm
922 2176 1194 2227 splennoidale
1236 2178 1327 2214 satis
1371 2189 1554 2226 magnum.

191 2252 225 2289 b.
259 2252 422 2289 Partes
454 2251 613 2288 alares
645 2264 674 2288 s.
708 2251 806 2288 alae
839 2251 1032 2299 (magnae)
1065 2252 1162 2288 ossis
1193 2250 1412 2300 sphenoidei
1443 2261 1554 2287 com-

80 2330 217 2375 ponunt
254 2326 437 2375 posterius
469 2331 611 2374 septum
644 2325 798 2362 orbitae.
863 2325 1022 2371 Quarum
1055 2323 1191 2361 alarum
1224 2312 1395 2374 superior
1424 2335 1554 2372 margo

79 2399 194 2446 tangit
223 2404 344 2448 partes
377 2397 552 2435 orbitales
585 2400 723 2436 ossium
754 2398 905 2444 frontis,
952 2399 1115 2434 internus
1146 2396 1316 2434 laminam
1349 2396 1554 2447 perpendi-

81 2470 241 2507 cularem
273 2472 370 2508 ossis
409 2470 629 2519 ethmoidei,
676 2471 825 2508 inferior
861 2483 997 2521 corpus
1037 2471 1134 2507 ossis
1171 2469 1389 2520 sphenoidei
1426 2470 1553 2519 ipsiuS,

170 2639 200 2679 ⁶)
238 2639 287 2670 De
320 2638 452 2670 ossibus
486 2639 661 2679 omoideis,
701 2650 785 2682 (piae
825 2638 974 2670 nonnulli
1016 2643 1172 2669 auctores
1210 2636 1279 2668 alas
1314 2646 1434 2677 parvas
1468 2637 1553 2668 ossis

80 2701 281 2744 sphenoidvi
307 2701 446 2739 habent,
473 2701 538 2732 alio
567 2701 642 2732 loco
671 2702 828 2734 dicantus.
