1752 2927
881 84 943 127 42

287 228 318 254 e.
363 214 454 268 1259.
487 214 970 266 comeatum-scapulare
1001 217 1175 267 inferius
1204 228 1250 254 ex
1281 215 1479 267 superficie
1509 215 1652 253 articu—

173 289 237 328 lari
276 291 374 328 ossis
414 290 632 328 coracoidei
671 279 854 328 exortum>
877 289 1038 339 affigitur
1068 288 1260 328 tuberculo
1291 291 1434 328 interno
1467 288 1654 340 scapulae.

647 420 698 459 2.
748 419 815 459 Os
841 420 1175 460 coracoideum.

285 510 367 548 Hoc
400 523 533 549 nomen
565 510 737 562 praefero
768 512 1026 560 significationi
1058 510 1348 557 claviculae,
1379 510 1551 561 quoniam
1581 509 1655 548 hoc

173 597 238 631 os,
280 586 348 622 etsi
389 597 435 622 ex
474 591 577 636 parte
616 584 734 622 simile
775 584 978 622 claviculae
1016 585 1196 633 hominis,
1237 583 1345 622 valde
1376 589 1496 621 tamen
1528 581 1574 620 ab
1607 594 1653 620 eo

173 659 356 696 diversum
384 665 451 696 est.
514 659 707 697 Praeterea
727 670 995 710 praecavemus
1026 671 1189 697 errorem
1215 657 1286 696 alio
1311 658 1459 695 nomine
1487 661 1654 708 recepto,

173 744 281 782 quum
315 745 334 770 a
367 732 529 783 pluribus
561 732 774 770 auctoribus
805 732 944 770 furcula
977 744 1127 783 quoque
1159 730 1398 769 clavicula
1429 736 1596 768 vocetur.

285 805 458 855 Magnum
481 806 554 844 hoc
584 818 629 843 ac
660 805 850 843 robustum
882 818 925 843 os
957 807 1266 844 extremitate
1298 804 1515 852 sternam,
1547 815 1654 855 quam

173 878 282 917 latam
313 879 573 929 triangularem
607 891 651 917 ac
683 879 762 917 fere
794 878 1000 917 batillosam
1024 880 1158 927 inveni,
1191 891 1273 916 cum
1296 884 1421 916 sterno
1444 890 1511 928 per
1530 877 1654 915 fossas

174 952 252 990 illas
283 953 520 1000 articulares,
552 965 670 1004 prope
702 953 842 1003 spinam
875 952 1072 990 sternalem
1104 954 1216 1000 sitas,
1258 952 1446 989 cohaeret.
1507 951 1654 1002 Super-

174 1027 277 1064 licies
310 1032 459 1064 externa
492 1027 733 1064 extremitatis
766 1026 935 1064 sternalis
969 1037 1137 1064 convexa
1169 1031 1323 1077 apparet
1355 1030 1392 1062 et
1420 1025 1575 1074 insignis
1598 1030 1655 1062 est

175 1100 301 1138 erista
332 1100 488 1150 quadam
520 1100 692 1137 deorsum
724 1112 845 1147 versa,
877 1112 970 1150 quae
1002 1099 1096 1137 linea
1129 1100 1312 1137 eminente
1343 1099 1456 1137 sterni
1486 1104 1589 1137 secta
1621 1098 1655 1136 in

174 1176 255 1225 ipso
288 1181 412 1212 sterno
446 1175 688 1211 continuatur.
742 1174 970 1223 Superlicies
1001 1175 1140 1211 interna
1174 1184 1340 1210 concava
1362 1171 1517 1223 praebet
1536 1183 1654 1223 prope

174 1248 346 1297 angulum
378 1248 589 1285 interiorem
621 1246 874 1285 tuberculum
912 1246 1095 1297 quoddam
1136 1245 1332 1293 laterale,
1370 1245 1468 1296 quod
1507 1246 1654 1297 propria

175 1321 365 1372 symphysi
403 1333 484 1358 cum
525 1326 651 1358 sterno
691 1321 938 1370 coniungitur.
998 1319 1128 1369 Margo
1176 1320 1327 1358 inferior
1366 1319 1496 1357 leviter
1534 1319 1654 1357 flexus

176 1394 301 1432 fossae
332 1394 380 1432 illi
413 1395 538 1442 sterni,
571 1406 591 1431 a
624 1393 718 1431 linea
749 1395 932 1431 eminente
955 1399 1126 1444 tauquam
1149 1393 1244 1444 plica
1275 1393 1461 1441 obtectae,
1493 1404 1653 1431 accom-

175 1468 346 1506 modatus
380 1473 448 1505 est.

289 1541 473 1592 Corpus
505 1542 602 1579 ossis
635 1540 918 1578 coracoidei
951 1546 1007 1578 est
1040 1540 1232 1578 rotundum
1265 1545 1301 1577 et
1331 1539 1398 1577 sub
1422 1540 1655 1578 extremitate

175 1616 368 1667 superiore
408 1616 498 1652 intra
537 1613 799 1652 tuberositate
836 1613 1053 1664 scapulari
1100 1620 1286 1661 ornatum,
1328 1626 1395 1664 per
1432 1625 1540 1664 quam
1573 1625 1654 1651 cum

174 1701 355 1740 processu
386 1688 557 1726 fureulari
589 1687 763 1738 scapulae
796 1689 1040 1735 connectitur,
1072 1687 1168 1725 unde
1198 1699 1332 1725 nomen
1364 1688 1524 1738 accepit.
1575 1685 1656 1725 Hac

176 1774 195 1800 a
226 1761 467 1800 tuberositate
499 1762 625 1799 crista
656 1761 870 1809 descendit,
911 1773 1006 1812 quae
1037 1760 1169 1799 deinde
1202 1772 1282 1799 cum
1314 1762 1457 1799 interno
1490 1761 1655 1810 margine

176 1836 414 1873 extremitatis
446 1834 616 1872 sternalis
648 1834 810 1872 confluit.

288 1908 586 1946 Extremitas
618 1907 750 1945 deinde
782 1907 1073 1958 scapularis,
1119 1908 1338 1945 intrinsecus
1376 1906 1455 1945 fere
1493 1907 1653 1956 hamata,

176 1983 330 2032 insignis
362 1987 419 2019 est
449 1980 662 2020 tuberculo
693 1979 895 2019 humerali
924 1987 960 2018 et
990 1980 1257 2019 tuberose'tate
1283 1980 1504 2032 surculari.
1564 1981 1654 2019 Illud

176 2055 406 2094 tuberculum
447 2067 558 2106 super
593 2056 709 2106 ipsam
742 2054 1020 2092 tuberositatem
1052 2054 1284 2105 scapularem
1315 2054 1516 2105 adspicitur
1544 2054 1654 2109 idque

178 2142 259 2167 cum
299 2141 481 2180 processu
520 2128 697 2166 humerali
736 2128 910 2179 scapulae
952 2134 988 2165 et
1027 2140 1110 2166 cum
1148 2140 1236 2166 osse
1273 2128 1656 2179 humero-capsulari

175 2204 329 2254 fossam
371 2202 560 2253 componit
595 2200 870 2252 ylenoa'dalem
917 2213 984 2252 pro
1022 2203 1143 2252 capite
1181 2202 1335 2239 humeri.
1397 2199 1657 2239 Tuberositas

176 2275 405 2327 surcularis
449 2287 575 2313 crassa
621 2274 731 2312 habet
777 2276 811 2312 in
855 2276 1042 2312 anteriore
1087 2280 1189 2325 parte
1233 2273 1433 2312 hamulum
1473 2274 1654 2325 quendam

180 2350 352 2387 deorsum
391 2360 634 2396 conversum,
680 2359 789 2399 supra
828 2353 948 2385 autem
995 2346 1245 2386 tuberculum
1291 2347 1497 2385 rotundum.
1557 2347 1657 2386 Inter

178 2422 458 2461 tuberositatem
497 2421 716 2460 furcularem
757 2420 933 2471 scapulae
970 2427 1006 2458 et
1051 2419 1280 2458 tuberculum
1325 2420 1514 2458 humerale
1558 2422 1655 2458 ossis

181 2496 395 2534 coracoidei
425 2496 578 2533 interest
608 2496 789 2532 incisura
821 2493 1064 2532 coracoidea
1097 2499 1153 2531 sat
1182 2493 1265 2531 alta.

295 2568 348 2607 Os
380 2568 643 2606 coracoideum
675 2580 756 2605 cum
789 2573 914 2605 sterno
948 2566 1142 2615 colligatur
1173 2573 1209 2605 et
1239 2579 1307 2618 per
1337 2566 1408 2618 Hy.
1441 2566 1657 2618 capsulam

183 2648 219 2680 et
248 2654 316 2693 per
349 2641 417 2693 liy.
450 2641 899 2689 ,ςτενηο-σοναεοίάεωη,
932 2640 1032 2691 quod
1063 2639 1292 2678 tuberculum
1323 2640 1423 2688 illud,
1456 2642 1491 2678 in
1520 2640 1655 2690 angulo

182 2717 324 2753 interno
357 2715 597 2753 extremitatis
629 2714 798 2752 sternalis
829 2716 957 2761 situm,
990 2726 1070 2751 cum
1102 2714 1183 2765 ipso
1215 2719 1339 2751 sterno
1371 2714 1570 2762 coniungit.
