1752 2927
860 75 918 121 16

144 206 390 259 palatinorum
429 213 465 246 et
501 218 706 257 processus
745 205 958 244 maxillares
998 206 1138 244 ossium
1169 203 1362 243 nasalium.
1421 203 1462 243 In
1493 205 1629 251 corvis,

145 283 176 320 si
213 293 292 319 rem
332 281 541 319 accuratius
579 285 800 328 tractamus,
840 283 1047 318 escternum
1086 285 1123 317 et
1162 280 1364 317 internum
1395 291 1631 329 processum

146 356 181 393 in
212 361 370 405 utroque
399 354 517 392 latere
549 353 814 403 dignoscamus
845 365 1006 392 necesse
1046 359 1122 400 est,
1163 365 1317 404 quorum
1349 353 1513 390 internus
1543 353 1630 390 exi-

146 441 242 479 guus
285 434 353 466 est.
413 428 512 466 Inter
550 439 618 466 eos
656 427 787 466 fissura
827 433 968 475 exstat,
1015 439 1110 478 quae
1150 428 1281 478 recipit
1318 438 1523 477 processus
1560 427 1632 464 iam

146 508 386 541 memoratos.
450 501 555 550 Quae
595 513 725 540 omnes
755 507 882 553 partes
913 503 948 540 in
978 500 1088 553 pullis
1119 500 1238 539 solum
1270 501 1434 552 perspici
1462 506 1632 551 possunt,

146 578 182 616 in
212 578 463 630 provectioris
494 578 625 615 aetatis
656 576 787 616 avibus
818 589 889 615 nec
920 576 1032 615 ullum
1063 577 1229 615 invenias
1259 575 1471 624 vestigium.

489 709 540 749 2.
591 709 714 748 Ossa
737 708 1004 747 maxillaria
1029 707 1290 757 superiora.

259 800 364 839 Haec
403 812 513 850 ossa,
553 801 586 838 in
626 801 750 838 corvis
789 811 903 850 parva
943 805 980 837 et
1015 804 1168 847 tenera,
1208 797 1368 835 formant
1398 796 1554 847 quadam
1587 808 1636 835 ex

147 879 251 926 parte
282 880 472 912 externam
504 879 541 912 et
570 873 729 911 mediam
760 874 871 911 rostri
901 878 1044 923 partem
1075 877 1111 910 et
1142 873 1340 920 seiungunt
1360 870 1635 921 quodammodo

147 960 256 987 nares
288 947 333 986 ab
366 959 445 986 ore.
506 947 666 997 Iungunt
696 958 740 985 os
771 946 1059 984 inter-maxillare
1091 957 1173 983 cum
1206 944 1355 982 ossibus
1377 944 1634 993 zygomaticis.

147 1021 188 1060 In
218 1021 367 1060 ossibus
398 1023 507 1060 etiam
538 1020 790 1059 maxillaribus
821 1019 1076 1072 superioribus
1108 1031 1245 1071 corpus
1267 1030 1312 1057 ac
1333 1024 1409 1057 tres
1432 1029 1637 1069 processus

149 1097 428 1145 cognoscimus.

261 1181 293 1207 a.
342 1168 524 1220 Corpus
563 1168 670 1206 huius
709 1169 807 1206 ossis
845 1168 1089 1219 perexiguum
1130 1171 1277 1204 constat
1315 1178 1336 1203 e
1377 1165 1637 1203 coniunctione

147 1244 254 1281 trium
295 1254 564 1294 processuum,
611 1243 672 1292 qui
710 1243 746 1279 in
777 1241 859 1279 basi
889 1241 1019 1279 latiora
1051 1241 1149 1278 liunt.
1209 1239 1435 1291 Superlicies
1466 1239 1639 1289 superior

149 1328 318 1354 convexa
358 1322 503 1367 spectat
537 1322 679 1366 partem
717 1316 965 1366 posteriorem
1005 1316 1158 1352 narium.
1217 1313 1276 1351 Ex
1316 1313 1503 1350 anteriore
1532 1317 1638 1363 parte

149 1390 194 1428 ad
226 1392 472 1441 posteriorem
505 1388 615 1427 linea
646 1388 962 1441 lonyituclz’nali‚
1003 1400 1075 1439 qua
1105 1389 1141 1425 in
1172 1386 1293 1424 media
1324 1385 1507 1437 quaedam
1538 1385 1638 1423 emi-

148 1466 272 1503 nentia
303 1465 506 1515 prominet,
547 1465 583 1501 in
616 1463 705 1501 duas
736 1469 861 1514 partes
893 1462 1076 1500 dividitur.
1137 1461 1232 1499 Intra
1262 1460 1358 1498 hanc
1390 1460 1637 1507 eminentiam,

151 1538 209 1576 cui
238 1538 374 1575 insidet
404 1550 447 1575 os
478 1536 628 1584 nasale,
668 1537 765 1574 haud
796 1548 949 1586 parvum
981 1535 1150 1573 foramen
1183 1539 1253 1571 est.
1315 1533 1544 1583 Superiicies
1574 1534 1638 1570 in-

149 1610 283 1658 ferior,
323 1611 369 1649 ad
400 1610 530 1648 fauces
563 1622 746 1648 conversa
777 1616 813 1647 et
847 1621 1038 1657 concava,
1086 1613 1308 1656 segregatur
1339 1608 1448 1644 crista
1480 1611 1586 1644 acuta
1617 1617 1638 1644 a

148 1696 332 1736 processu
369 1684 544 1736 palatino.
613 1683 654 1721 ln
691 1683 874 1734 profundo
915 1683 1022 1721 huius
1060 1682 1195 1719 foveae
1234 1679 1432 1718 maxillaris
1471 1679 1640 1717 foramen

149 1758 302 1796 alterum
336 1764 404 1807 est,
438 1757 537 1808 quod
570 1769 651 1794 cum
683 1757 803 1807 primo
835 1758 907 1794 iam
939 1761 1143 1794 memorato
1176 1760 1213 1792 et
1244 1766 1328 1792 cum
1348 1755 1455 1791 tertio
1479 1752 1639 1804 quodam

149 1833 185 1870 in
214 1831 297 1870 basi
327 1843 531 1882 processus
561 1830 711 1882 palatini
742 1832 812 1868 sito
846 1842 932 1868 sese
965 1830 1166 1878 coniungit.
1218 1827 1334 1866 Extra
1363 1828 1480 1876 tangit
1501 1838 1639 1877 corpus

150 1918 288 1944 ramum
321 1904 547 1943 alveolarem
579 1905 678 1942 ossis
709 1903 1005 1942 intermaxillaris
1037 1908 1073 1940 et
1103 1913 1324 1953 processum
1354 1899 1518 1938 nasalem
1541 1900 1640 1938 ossis

149 1978 300 2017 nasalis.

263 2052 300 2090 h.
331 2052 605 2091 Processus
636 2049 905 2090 alveolaris
936 2049 1087 2099 longus,
1117 2050 1154 2087 in
1184 2047 1265 2086 basi
1295 2048 1386 2085 satis
1415 2046 1523 2095 latus,
1554 2047 1639 2097 pri-

150 2138 248 2164 mum
278 2125 515 2176 progreditur
534 2126 570 2163 in
600 2126 741 2162 interna
774 2129 811 2161 et
840 2123 1018 2162 inferiore
1049 2128 1153 2174 parte
1177 2133 1398 2172 processus
1419 2118 1641 2158 alveolaris

151 2199 313 2237 externi
335 2200 432 2237 ossis
453 2197 764 2245 intermaxillaris‚
796 2197 930 2235 deinde
963 2208 1066 2244 vero,
1097 2201 1218 2234 tectus
1247 2205 1432 2245 processu
1462 2192 1640 2231 alveolari

152 2274 249 2311 ossis
279 2272 451 2323 palatini,
482 2273 519 2309 in
550 2270 656 2308 sulco
688 2270 765 2318 illo,
798 2271 858 2320 qui
889 2271 1044 2307 interest
1074 2270 1168 2306 inter
1196 2278 1399 2318 processus
1430 2265 1640 2304 alveolares

151 2345 448 2384 intermaxillaris
479 2346 590 2383 ossis.
649 2343 702 2382 Ita
742 2344 945 2392 marginem
976 2344 1089 2381 rostri
1117 2341 1278 2379 medium
1310 2341 1499 2390 componit
1529 2344 1566 2377 et
1595 2350 1640 2377 os

152 2419 341 2457 maxillare
372 2420 542 2469 superius
575 2429 660 2455 cum
690 2416 967 2455 intermaxillari
997 2428 1042 2454 ac
1073 2414 1347 2467 quodammodo
1371 2425 1455 2451 cum
1475 2412 1639 2464 palatino

153 2504 243 2531 osse
272 2493 474 2541 coniungit.

267 2578 299 2604 c.
331 2565 604 2603 Processus
636 2564 969 2613 zygomaticus
999 2562 1170 2614 procedit
1200 2563 1236 2600 in
1268 2573 1313 2599 ea
1343 2565 1448 2612 parte
1470 2557 1640 2597 maxillae

153 2639 380 2690 superioris,
421 2650 517 2689 quae
557 2638 732 2689 opposita
763 2643 820 2675 est
850 2638 1046 2688 processui
1076 2634 1268 2674 alveolari.
1328 2634 1444 2673 Recta
1475 2633 1534 2671 via
1564 2631 1639 2670 de-

154 2713 267 2751 currit
303 2713 339 2751 in
376 2712 588 2764 posteriuS‚
635 2722 709 2750 non
748 2716 869 2750 autem
907 2711 1005 2749 iacet
1049 2711 1086 2749 in
1131 2708 1266 2748 eodem
1309 2706 1440 2759 plano,
1485 2707 1522 2745 in
1564 2716 1638 2757 quo
