1752 2927
909 55 936 99 8

186 198 267 225 cum
296 187 460 238 partibus
491 186 703 225 lateralibus
734 188 970 236 coniungunt,
1002 187 1153 225 inferior
1183 192 1301 224 autem
1335 199 1464 236 margo
1489 198 1657 225 excava-

186 267 242 298 tus
272 261 437 299 foramen
467 273 636 310 magnum
668 273 715 298 ex
745 267 849 312 parte
880 260 1094 298 circumdat.
1153 259 1235 298 Hoc
1274 261 1308 298 in
1347 261 1512 309 margine
1551 260 1659 299 fora-

186 336 280 372 mina
312 335 382 372 duo
414 336 555 381 inveni,
588 346 656 385 per
685 347 779 385 quae
810 346 927 372 venae
959 333 1144 383 iugulares
1175 345 1196 370 e
1227 333 1385 371 cerebro
1418 334 1657 371 descendunt.

185 407 329 445 Interna
360 408 578 458 superficies
615 408 730 459 partis
770 407 978 458 occipitalis
1017 418 1182 445 concava
1221 408 1468 457 posteriorem
1519 413 1657 458 partem

187 480 362 518 cerebelli
394 480 546 530 obtegit.

298 553 333 592 b.
377 554 541 592 Partes
571 553 798 592 laterales
830 559 1008 591 voc-antur
1038 553 1085 591 ab
1117 553 1196 591 aliis
1228 553 1522 602 condyloideae,
1562 552 1661 603 quod

187 639 232 665 eo
263 628 408 665 nomine
439 627 532 678 apud
565 626 653 664 alias
685 627 822 664 bestias
852 633 1011 664 utuntur.
1068 626 1241 664 Attamen
1272 625 1442 664 laterales
1476 628 1662 664 nominare

187 700 330 748 malim,
382 713 490 751 quum
530 700 576 737 (le
615 699 782 749 condylis
820 700 916 750 apud
955 712 1044 737 aves
1084 701 1232 737 omnino
1272 701 1333 749 agi
1375 711 1446 737 non
1479 701 1598 750 possit
1627 704 1663 737 et

187 786 319 812 nomen
363 773 452 811 illuil
489 773 651 811 inferiori
691 779 825 811 tantum
866 775 960 823 parti
999 775 1077 810 sive
1108 772 1256 810 basilari
1288 774 1494 811 conveniat.
1558 772 1662 819 Quae

187 853 310 897 partes
339 833 512 884 laterales
543 846 696 897 primum
728 845 978 895 magnitudine
1010 845 1219 893 excellunt,
1260 858 1328 895 qua
1362 851 1399 882 et
1428 847 1519 896 parti
1550 847 1661 883 oeci-

186 920 287 971 pitali
317 926 352 957 et
382 919 653 968 condyloideae
683 919 796 968 longe
826 925 1024 969 praestant.
1085 919 1143 957 Ad
1182 918 1276 956 latus
1314 925 1440 969 patent
1470 931 1586 970 usque
1617 919 1663 956 ad

187 1005 311 1030 aurem
351 998 558 1039 externam,
606 994 683 1030 eius
721 994 967 1043 posteriorem
1000 994 1178 1042 parietem
1210 992 1423 1029 formantes.
1484 993 1664 1043 Superior

188 1078 273 1117 pars
312 1066 546 1117 occipitalcm
587 1072 725 1116 partem
767 1068 883 1115 tangit
921 1072 956 1103 ct
996 1072 1134 1115 partem
1166 1077 1400 1116 squamosam
1434 1067 1531 1104 ossis
1561 1071 1663 1103 tem-

188 1152 338 1191 porum,
391 1145 542 1177 externa
582 1146 721 1190 partem
752 1145 939 1190 petrosam
973 1139 1136 1176 eiusdem
1169 1140 1286 1186 ossis,
1333 1139 1484 1176 inferior
1522 1144 1662 1189 partem

189 1213 487 1262 condyloideam,
520 1214 669 1250 interior
699 1213 863 1251 foramen
895 1225 1066 1262 magnum
1098 1225 1143 1249 ex
1176 1217 1278 1262 parte
1311 1212 1522 1250 circumdat.
1584 1213 1661 1249 Su-

188 1288 361 1338 perficies
402 1288 540 1324 interna
581 1287 738 1324 maxime
777 1286 922 1336 quidem
971 1287 1063 1335 parti
1113 1297 1335 1335 squamosae
1377 1285 1563 1323 adhaeret.
1624 1284 1664 1322 In

189 1366 341 1398 externa
386 1361 582 1410 superlicie
627 1358 774 1396 lineam
817 1358 1153 1396 semicircnlm‘em
1201 1358 1441 1408 inferiorem
1483 1358 1663 1405 videmus,

190 1445 285 1483 quae
326 1438 406 1470 orta
444 1434 479 1470 in
517 1433 708 1482 superiore
745 1433 908 1480 margine
948 1431 1137 1468 foraminis
1170 1432 1292 1480 magni
1325 1437 1361 1468 et
1390 1432 1425 1468 in
1457 1429 1665 1481 protube-

189 1507 328 1543 rautt‘a
359 1505 574 1556 occipilali
610 1505 655 1542 ad
695 1506 878 1542 exteriora
911 1511 946 1541 et
977 1504 1021 1541 ad
1053 1504 1226 1541 inferiora
1258 1516 1438 1541 conversa
1472 1516 1588 1553 usque
1619 1504 1664 1541 ad

191 1580 393 1628 marginem
431 1577 672 1616 auricularem
719 1579 962 1627 posteriorem
1015 1578 1213 1627 procurrit,
1266 1576 1388 1627 ibique
1430 1589 1667 1627 processum

191 1651 461 1689 auricularem
506 1652 768 1701 posteriorem
820 1650 1050 1700 inferiorem
1102 1650 1246 1686 format.
1330 1649 1526 1687 Praeterea
1573 1650 1666 1688 haud

191 1724 320 1776 procul
350 1737 370 1762 a
400 1724 579 1762 foramine
610 1735 759 1772 magno,
790 1723 869 1761 fere
894 1723 1011 1760 media
1035 1724 1070 1760 iu
1090 1722 1184 1760 linea
1209 1723 1472 1760 semicirculari
1493 1722 1666 1761 inferiore

191 1798 443 1836 eminentiam
473 1797 653 1848 quandam
694 1798 959 1848 conspicimus,
1000 1809 1108 1847 quam
1139 1795 1358 1834 lateralem
1389 1798 1554 1844 nomino,
1601 1797 1659 1834 cui

192 1872 315 1923 plnres
346 1871 499 1909 musculi
529 1871 630 1908 affixi
660 1876 753 1907 sunt.

306 1956 340 1982 c.
385 1944 494 1982 Pars
535 1943 859 1992 condyloitlea
899 1945 1057 1982 omnium
1098 1943 1268 1994 occipitiis
1308 1943 1453 1981 minima
1492 1949 1667 1981 exornata

193 2025 250 2056 est
275 2031 468 2068 processu
499 2016 792 2067 comlyloideo,
840 2029 948 2067 quem
989 2017 1057 2054 sul]
1097 2018 1178 2066 ipso
1221 2016 1398 2054 foramine
1430 2028 1564 2065 magno
1594 2016 1667 2054 ad—

193 2093 380 2142 spicimus.
443 2091 513 2138 Qui
544 2090 724 2139 contlylus
755 2090 949 2136 rotumum,
998 2102 1065 2140 per
1095 2090 1241 2127 foveam
1273 2089 1473 2139 quandam,
1513 2101 1668 2139 quacum

193 2166 229 2202 in
259 2165 480 2203 arthrodiam
513 2165 595 2210 init,
635 2175 716 2200 cum
755 2162 888 2200 atlante
921 2165 1163 2212 coniungitur.
1223 2162 1279 2200 Eo
1313 2164 1466 2200 maxime
1498 2162 1668 2210 eflicitur,

194 2244 232 2275 ut
269 2250 358 2275 aves
397 2243 506 2288 caput
535 2236 707 2274 facillime
739 2248 1022 2286 quoquoversus
1053 2241 1199 2273 vertere
1232 2236 1385 2285 possint.
1448 2235 1542 2273 lnfra
1573 2248 1667 2286 pro-

197 2323 341 2348 cessum
374 2309 657 2358 condyloideum
694 2311 809 2359 fossa
840 2307 1111 2359 condylomata
1150 2314 1186 2344 et
1225 2308 1269 2346 ad
1309 2308 1420 2345 latera
1460 2308 1669 2359 complures

195 2395 396 2435 processus
427 2395 472 2420 ac
503 2395 613 2433 parva
645 2381 821 2420 foramina
854 2383 1134 2432 perspiciuntur.

664 2515 719 2552 4.
769 2513 836 2552 Os
864 2512 1209 2562 sphenoideum.

313 2604 420 2651 Quod
453 2603 497 2641 ad
529 2604 634 2641 situm
667 2605 744 2641 eius
776 2610 811 2640 et
843 2605 1139 2641 coniunctionem
1178 2614 1258 2640 cum
1292 2601 1371 2639 aliis
1403 2601 1549 2639 ossibus
1580 2602 1670 2639 atti—

200 2683 273 2724 net,
306 2676 524 2715 simillimum
557 2683 612 2714 est
643 2678 718 2714 ossi
750 2677 978 2726 splienoideo
1010 2677 1187 2723 hominis,
1220 2675 1339 2713 dill'ert
1368 2681 1490 2712 autem
1521 2687 1672 2713 numero
