1752 2927
798 101 859 145 49

207 233 242 271 b.
283 232 375 283 Lz'y.
402 233 605 282 posticum
634 232 778 270 ulnare
806 234 906 270 ossis
928 233 1049 283 carpi
1076 231 1236 270 ulnam-is
1274 234 1357 270 item
1397 234 1433 270 in
1470 244 1565 283 pro-

92 318 202 343 cessu
234 305 418 355 styloideo
447 305 556 343 ulnae
587 312 704 344 ortum
735 307 930 357 processui
961 307 1133 344 uncinato
1172 308 1269 344 ossis
1302 307 1401 357 carpi
1432 306 1568 343 ulnaris

89 379 260 429 affigitur.
1498 418 1503 419 ⁷

203 464 236 490 c.
269 450 363 503 Liy.
395 450 539 490 ulum-e
568 454 670 490 ossis
700 453 820 504 carpi
849 452 1025 490 raclialz‘s
1055 452 1169 490 breve
1201 465 1311 503 supra
1342 452 1431 502 ligg.
1464 452 1565 490 ohli-

89 537 160 575 qua
209 527 305 563 ossis
345 514 445 576 carpi
484 526 620 563 ulnaris
652 532 771 564 ortum
803 527 957 576 margini
987 527 1130 563 interno
1162 526 1371 575 superficiei
1402 527 1565 563 internae

89 600 186 637 ossis
217 601 317 650 carpi
349 598 495 637 radialis
526 599 694 649 alligitur.

202 672 235 709 d.
282 671 374 722 Liy.
413 671 577 709 radiale
612 672 813 710 internum
854 671 954 709 ossis
993 672 1115 721 carpi
1151 671 1328 709 radialis
1374 677 1492 710 ortum
1532 673 1566 709 in

86 745 278 782 tuberculo
315 747 456 782 interno
495 745 586 783 radii
626 745 785 795 affigitur
816 746 970 794 margini
1002 746 1145 782 interno
1178 745 1387 795 superficiei
1419 745 1566 782 radialis

87 819 183 854 ossis
217 820 316 869 carpi
348 818 507 855 radialis.

200 903 232 927 e.
278 890 371 941 Lefy.
412 890 576 928 radlale
615 895 822 928 esctermmz
861 892 962 928 ossis
1001 892 1122 941 carpi
1159 889 1336 928 radialis
1373 896 1491 928 ortum
1532 891 1566 927 in

85 963 279 1002 tuberculo
319 964 473 1002 externo
514 964 602 1002 radii
648 964 809 1014 affigitur
853 964 1045 1002 tuberculo
1093 965 1275 1014 superiori
1321 965 1418 1002 ossis
1465 965 1565 1014 carpi

91 1037 250 1075 radialis.

198 1111 220 1148 f.
259 1110 348 1160 szq.
379 1110 524 1148 ulnam
554 1111 655 1147 ossis
686 1111 805 1161 carpi
834 1110 1011 1148 radiale's
1043 1111 1241 1148 internum
1265 1115 1381 1147 ortum
1405 1110 1438 1146 in
1461 1121 1563 1146 mar-

84 1185 169 1232 gine
226 1190 380 1222 externo
424 1184 560 1222 foveae
608 1183 742 1221 ulnaris
781 1183 943 1233 affigitur
981 1185 1135 1233 margini
1174 1185 1316 1221 interno
1356 1183 1566 1233 superficiei

86 1257 233 1295 radialis
265 1260 362 1295 ossis
394 1259 494 1308 carpi
527 1256 687 1295 radialis.

198 1343 234 1380 g.
269 1329 361 1381 Lz‘gs.
394 1331 512 1382 carpi
543 1332 740 1368 internum
771 1331 925 1368 interest
954 1332 1048 1368 inter
1079 1336 1269 1381 utrumque
1302 1342 1345 1367 os
1377 1331 1490 1380 carpi.

589 1461 641 1501 3.
692 1461 759 1499 Os
784 1462 1051 1511 metacarpi.

199 1553 280 1590 Hoc
312 1564 354 1590 os
386 1554 548 1601 primitus
580 1558 726 1590 constat
756 1564 776 1589 e
808 1551 950 1589 (luobus
981 1551 1230 1601 singularibus
1261 1552 1429 1599 ossibus,
1470 1564 1565 1602 quae

86 1628 154 1663 iam
194 1627 228 1663 in
269 1637 382 1663 corvo
421 1638 560 1676 paucas
598 1625 853 1663 hebdomades
898 1631 982 1662 nato
1023 1626 1057 1662 in
1099 1625 1231 1662 linibus
1279 1626 1354 1662 suis
1392 1626 1486 1662 inter
1523 1637 1564 1662 se

85 1698 321 1747 coalescunt,
373 1699 454 1737 dum
501 1698 620 1736 media
666 1699 701 1736 iu
745 1703 849 1749 parte
897 1710 1044 1746 semper
1088 1704 1288 1747 segregata
1324 1699 1562 1735 inveniuntur.

83 1771 212 1823 Itaque
243 1773 510 1821 distinguuntur
540 1773 574 1810 in
607 1772 727 1810 adulta
759 1784 827 1809 ave
858 1785 994 1809 ramus
1023 1771 1199 1809 radians
1228 1777 1266 1809 et
1285 1785 1420 1809 ramus
1439 1771 1564 1809 ulna-

82 1846 162 1889 re‘s,
207 1846 301 1884 inter
338 1857 433 1896 quos
470 1847 624 1883 interest
656 1846 806 1896 fissura
843 1845 1081 1895 metaearpa’.
1150 1845 1189 1883 In
1229 1846 1422 1896 superiore
1460 1850 1565 1895 parte

84 1919 182 1956 ossis
214 1919 464 1969 conspicimus
496 1918 589 1956 duos
620 1918 824 1968 condylos,
876 1930 1029 1968 quorum
1068 1924 1241 1955 externus
1278 1918 1436 1969 paullum
1468 1929 1563 1969 pro-

83 1993 216 2039 minet,
262 1993 423 2029 internus
460 1992 566 2029 altius
605 1991 804 2029 secundum
848 2003 891 2028 os
923 1991 1125 2029 descendit.
1186 1991 1284 2029 lnter
1313 2003 1381 2029 eos
1412 1993 1566 2029 interest

82 2066 186 2103 fossa
216 2065 582 2114 intercondffloidea,
616 2077 710 2115 quae
742 2077 825 2102 cum
857 2064 1007 2102 ossibus
1040 2066 1142 2115 carpi
1171 2064 1397 2114 ginglymum
1430 2065 1561 2103 reddit.

83 2140 179 2177 Ante
210 2151 290 2176 eam
322 2141 439 2190 ipsam
470 2139 610 2177 fossam
642 2138 886 2176 tuberositas
909 2137 1130 2189 pollicaris
1168 2145 1340 2189 apparet,
1389 2140 1491 2176 cuius
1528 2140 1563 2176 in

82 2212 163 2250 basi
203 2212 430 2250 tuberculum
472 2212 775 2262 eondyloffleum,
826 2214 884 2250 cui
924 2211 1051 2263 pollex
1090 2212 1244 2260 insidet,
1292 2214 1463 2250 cernitur.
1523 2212 1563 2250 In

82 2287 222 2323 interna
255 2292 359 2336 parte
391 2288 468 2323 eius
500 2286 774 2333 tuberositatis‚
816 2286 877 2324 ubi
908 2288 998 2324 rami
1029 2285 1100 2324 (luo
1133 2287 1324 2323 memorati
1355 2285 1563 2332 discedunt,

84 2357 329 2397 tuberositas
359 2358 600 2396 muscularis
630 2361 811 2407 occurrit,
852 2360 910 2397 cui
949 2359 1073 2410 plures
1115 2359 1270 2397 musculi
1301 2364 1337 2396 et
1366 2358 1563 2408 ligamenta

83 2431 291 2481 affiguntur.
351 2432 390 2469 ln
421 2432 576 2470 adversa
609 2445 728 2483 eaque
760 2438 912 2470 externa
943 2438 1045 2483 parte
1077 2434 1174 2470 ossis
1207 2434 1407 2483 metaearpi
1429 2431 1561 2469 tuber-

84 2504 203 2542 culum
236 2516 385 2554 parvum
418 2506 552 2552 inveni,
586 2507 643 2543 cui
674 2506 822 2544 infixum
854 2511 911 2543 est
940 2504 1004 2554 lig.
1038 2505 1186 2543 radiale.
1232 2506 1336 2543 Rami
1367 2505 1416 2543 illi
1438 2509 1562 2542 meta-

86 2579 188 2628 carpi
219 2578 315 2614 ossis
347 2578 438 2615 infra
472 2578 668 2627 condylum
700 2580 877 2616 internum
911 2578 1169 2625 discedentes,
1202 2591 1312 2629 quum
1345 2590 1430 2615 mox
1462 2589 1560 2615 con-

84 2652 250 2698 veniant,
311 2662 392 2688 cum
446 2651 671 2700 marginibus
724 2654 886 2689 externis
940 2651 1103 2689 canalem
1149 2651 1303 2690 reddunt
1346 2664 1415 2702 pro
1460 2662 1562 2688 ramo

85 2723 243 2774 quodam
283 2724 440 2761 arteriae
474 2723 622 2762 ulnaris.
682 2725 820 2763 Ramus
866 2726 964 2763 ossis
1004 2725 1207 2775 metacarpi
1246 2724 1396 2762 radialis
1434 2723 1563 2771 maior,
