1752 2927
817 81 876 125 37

108 216 288 264 excurrit,
334 227 401 266 per
431 214 530 266 quod
561 226 643 252 cum
675 214 840 253 ossiculo
872 226 939 252 suo
971 213 1232 252 sternocostali
1263 214 1311 251 ita
1341 214 1585 261 connectitur,

106 294 144 326 ut
175 288 328 326 obtusus
359 300 404 326 ac
436 300 546 339 supra
577 294 708 338 patens
738 288 892 337 angulus
922 289 995 326 fiat.
1047 287 1150 326 Haec
1180 287 1450 325 coniunctionis
1479 287 1586 334 ratio,

107 374 215 411 quum
249 363 330 399 cavi
360 362 523 412 pectoris
554 373 724 411 magnam
765 361 1014 400 dilatationem
1053 362 1230 412 patiatur,
1271 361 1306 398 in
1346 360 1587 411 inspiratione

107 441 143 472 et
182 435 432 486 exspiratione
470 436 601 473 sumini
640 436 816 473 momenti
855 441 923 473 est.
985 434 1077 472 Nam
1107 435 1143 472 in
1173 434 1433 484 inspiratione,
1473 444 1586 483 quum

106 507 242 557 latera,
288 514 326 546 ut
356 510 403 546 ita
435 508 576 556 dicam,
622 508 839 558 angulorum
870 507 1034 556 illorum,
1080 508 1140 558 qui
1178 519 1245 558 per
1276 512 1401 545 costas
1433 512 1470 544 et
1500 517 1587 544 ossa

107 582 391 620 sternocostalia
432 582 539 630 fiunt,
580 593 599 619 a
640 580 709 619 sibi
749 581 840 632 ipsis
870 585 1151 629 removeantur,
1193 585 1355 618 sternum
1387 591 1537 630 quoque
1568 590 1588 616 a

107 656 210 706 spina
262 655 397 694 dorsali
444 660 636 692 amovetur
679 666 724 692 ac
764 665 896 692 cavum
936 654 1100 705 pectoris
1137 652 1317 691 dilatatur.
1379 651 1516 691 Contra
1553 652 1588 690 in

107 730 361 780 exspiratione
392 729 431 767 sit
462 729 696 767 contrarium.

218 802 465 841 Postrema
498 802 656 853 denique
688 801 933 850 vertebra,
968 799 1222 853 superioribus
1243 800 1401 848 tenuior,
1424 798 1588 849 excellit,

106 875 217 927 quoe}
245 878 323 915 ossi
361 876 510 928 quidem
550 875 810 914 sternocostali
848 876 1028 926 iungitur,
1074 874 1109 913 id
1155 880 1277 912 autem
1316 879 1478 912 sternum
1514 885 1590 912 non

107 951 242 999 tangit,
283 950 350 988 sed
382 952 417 988 in
446 950 528 988 basi
559 962 623 988 sua
656 961 738 988 cum
770 951 964 1001 superiore
996 948 1187 988 coalescit.
1247 948 1447 986 Praeterea
1477 948 1514 986 in
1544 959 1589 986 ea

106 1023 278 1062 vertebra
308 1025 506 1062 incisuram
537 1036 686 1075 quoque
717 1023 813 1062 illam
846 1023 1112 1071 desideramus,
1144 1034 1254 1073 quam
1275 1023 1370 1060 inter
1391 1020 1589 1072 capitulum

107 1103 143 1134 et
172 1097 401 1136 tuberculum
434 1098 617 1135 interesse
648 1109 756 1148 supra
789 1097 1172 1135 commemoravimus.

219 1170 520 1220 Ligamentorum
550 1171 642 1208 haec
673 1171 758 1209 mihi
790 1170 960 1208 videntur
990 1174 1194 1208 memoratu
1225 1168 1356 1217 digna:

220 1256 252 1282 a.
293 1243 386 1296 Liy.
419 1243 638 1295 capsulam
678 1245 771 1282 inter
809 1243 1006 1295 capitulum
1048 1244 1227 1294 cuiusque
1267 1247 1397 1280 costae
1429 1247 1466 1279 et
1496 1242 1590 1279 inter

108 1328 245 1368 corpus
268 1318 465 1356 vertebrae
495 1331 582 1356 suae
613 1319 779 1356 interest.

220 1390 256 1429 b.
303 1390 398 1443 Lessy.
438 1395 707 1429 transversum
749 1394 956 1429 caeternum
1003 1392 1097 1428 inter
1136 1388 1366 1427 tuberculum
1413 1388 1590 1438 cuiusque

107 1470 237 1502 costae
263 1470 299 1503 et
329 1466 423 1503 inter
453 1476 670 1516 processum
702 1471 952 1503 transversum
984 1463 1119 1502 inveni.

220 1550 252 1576 c.
298 1537 392 1590 Liy.
431 1538 688 1589 trianyulare
734 1539 850 1587 iungit
898 1549 1084 1589 quemque
1124 1547 1343 1587 processum
1381 1535 1589 1572 uncinatum

108 1612 262 1662 margini
292 1613 493 1663 posteriori
525 1618 653 1650 costae
685 1623 788 1649 suae.

220 1685 254 1723 d.
294 1683 388 1737 Lz‘y.
428 1684 648 1737 capsulare
685 1690 874 1723 externam
911 1689 1053 1735 partem
1094 1684 1273 1733 cuiusque
1304 1682 1403 1720 ossis
1435 1687 1588 1719 sterno-

108 1758 261 1797 costalis
291 1771 374 1797 cum
405 1760 636 1798 extremitate
669 1764 798 1797 costae
829 1770 919 1796 suae
951 1757 1149 1795 connectit.

535 1888 587 1927 3.
638 1887 762 1927 Ossa
786 1885 1159 1925 sternoeostalia.

222 1978 401 2017 Omnibus
438 1980 473 2017 in
512 1980 635 2017 corvis
676 1990 743 2016 sex
779 1990 889 2029 pares
928 1978 1067 2015 ossium
1100 1973 1422 2013 sternoeostalium
1454 1975 1589 2023 inveni,

109 2063 204 2103 quae
243 2058 369 2091 costas
406 2064 516 2090 veras
555 2064 638 2090 cum
669 2057 795 2089 sterno
828 2052 1054 2099 coniungunt
1084 2049 1244 2099 ideoque
1277 2060 1360 2086 cum
1392 2047 1588 2097 cartilagi-

107 2126 215 2164 nibus
256 2125 459 2164 costalibus
501 2126 708 2176 comparari
739 2130 908 2176 possunt.
968 2123 1107 2161 Eorum
1145 2134 1232 2173 pars
1267 2123 1431 2160 anterior
1462 2133 1590 2159 crassa

108 2198 251 2238 duobus
290 2198 511 2238 tuberculis
560 2205 689 2237 ornata
735 2204 813 2246 est,
859 2209 954 2248 quae
1000 2208 1069 2248 per
1111 2195 1350 2245 ligamentum
1396 2194 1592 2245 capsulare

108 2274 303 2324 processui
335 2273 466 2311 costali
497 2274 610 2311 sterni
640 2273 741 2322 iungi
771 2283 881 2323 supra
913 2272 983 2309 iam
1015 2268 1364 2308 demonstrabimus,
1425 2266 1591 2306 Extre-

107 2347 225 2385 mitas
255 2345 419 2385 costulis
457 2348 634 2398 cuiusque
665 2346 795 2384 horum
827 2346 965 2383 ossium
996 2344 1105 2382 latior
1136 2349 1172 2381 et
1202 2341 1326 2394 paullo
1359 2341 1456 2380 flexa
1487 2341 1590 2392 liga-

108 2426 231 2458 mento
265 2420 448 2471 capsulari
479 2432 561 2458 cum
593 2425 699 2458 costa
731 2431 795 2457 sua
828 2419 1073 2457 connectitur.
1133 2417 1173 2455 In
1196 2416 1320 2454 corvis
1341 2427 1475 2453 recens
1497 2416 1591 2453 natis

107 2494 202 2531 inter
233 2498 359 2531 costas
391 2499 426 2531 et
457 2506 544 2532 ossa
567 2492 850 2531 sternocostalia
874 2491 1141 2542 cartilayines
1170 2489 1349 2541 quasdam
1379 2488 1590 2535 observavi,

108 2578 216 2617 quae,
247 2578 335 2604 mox
364 2568 399 2604 in
431 2579 475 2605 os
505 2572 679 2615 mutatae,
711 2578 794 2604 cum
825 2565 975 2604 ossibus
1004 2563 1337 2602 sternocostalibus
1360 2561 1589 2600 coalescunt.

112 2639 275 2686 Quoi-um
321 2640 459 2678 ossium
509 2640 683 2678 inferiora
738 2638 992 2691 superioribus
1041 2637 1156 2687 longe
1206 2637 1345 2674 maiora
1395 2639 1588 2685 apparent.

109 2712 337 2751 Postremum
368 2725 411 2751 os
443 2714 587 2753 tandem
620 2718 785 2752 sternum
815 2725 888 2751 non
919 2713 1076 2762 attingit,
1109 2710 1175 2749 sed
1206 2710 1243 2747 in
1274 2708 1354 2747 basi
1386 2720 1449 2746 sua
1471 2708 1589 2759 primo
