1752 2927
887 100 949 144 50

181 231 318 270 ulnaris
360 232 478 270 minor
516 237 699 282 tamquam
735 243 757 269 a
794 231 915 270 fronte
952 237 989 270 et
1024 242 1044 269 a
1082 236 1189 280 tergo
1222 241 1462 282 compressus
1493 235 1656 281 apparet.

180 305 220 343 In
259 306 449 356 utriusque
489 317 616 343 eorum
656 305 821 354 margine
859 306 1001 343 interno
1034 305 1180 342 cristam
1211 303 1553 351 animadvertimus,
1601 304 1658 340 cui

181 378 290 415 affixa
322 384 380 415 est
409 377 620 416 membrana
652 377 822 415 tendinea
853 378 1017 415 fissuram
1050 378 1250 427 metacarpi
1282 376 1522 414 concludens.
1562 375 1660 414 Infra

183 464 262 490 eam
295 452 462 489 fissuram
492 451 602 489 ambo
633 452 745 500 rami,
784 452 913 489 iterum
944 452 1037 489 inter
1067 463 1108 488 se
1140 451 1271 497 iuncti,
1314 449 1457 488 duobus
1489 448 1658 498 condylis

183 526 299 563 ornati
321 531 416 574 sunt,
448 537 601 576 quorum
632 526 795 563 anterior
825 530 862 562 et
891 524 1059 575 amplior,
1091 523 1283 561 tuberculo
1306 535 1454 574 quoque
1475 521 1659 560 articulari

183 599 360 648 insignis,
407 610 487 636 cum
533 599 648 648 prima
687 597 868 648 phalange
910 597 1011 647 digiti
1051 596 1204 634 secundi
1244 597 1484 634 eonnectitur.
1546 594 1664 633 Alteri

183 671 344 721 condylo
396 672 504 722 eique
554 672 754 722 posteriori
803 682 848 709 ac
891 670 1039 721 longius
1088 669 1307 721 procedenti
1352 670 1481 707 tertius
1527 668 1662 718 digitus

183 745 356 795 affigitur.

295 857 398 894 Haec
427 857 627 906 ligamenta
657 868 701 894 os
732 857 935 906 metacarpi
965 855 1218 906 superioribus
1250 853 1399 892 ossibus
1431 855 1602 903 iungunt:

297 964 330 990 a.
364 951 458 1003 Liy.
482 953 680 990 internum
708 951 853 989 ulum-e
883 952 984 989 ossis
1013 951 1243 1000 metacarpi
1270 951 1423 988 interest
1453 951 1547 988 inter
1568 961 1663 1000 pro-

186 1038 333 1063 cessum
373 1025 594 1074 styloideum
635 1024 742 1063 ulnae
781 1031 818 1062 et
856 1026 950 1063 inter
979 1023 1258 1062 tuberositatem
1291 1022 1535 1061 muscularem
1567 1023 1666 1061 ossis

190 1100 404 1149 metacarpi.

301 1194 336 1231 b.
372 1192 463 1244 Εἰς).
496 1198 704 1231 ecctemum
733 1192 880 1231 ulnare
909 1193 1010 1230 ossis
1039 1192 1270 1242 metae-arpi
1297 1192 1450 1228 interest
1480 1191 1574 1228 inter
1603 1195 1667 1228 tu·-

192 1267 381 1306 berculum
412 1267 520 1305 ulnae
551 1273 587 1304 et
618 1268 710 1305 inter
739 1266 969 1304 tuberculum
1001 1272 1190 1303 externum
1222 1266 1319 1303 ossis
1351 1265 1562 1314 metaearpi.

303 1376 337 1401 c.
375 1362 470 1414 Liy.
508 1361 673 1400 radiale
711 1363 811 1400 ossis
846 1361 1078 1412 metae-arpi
1114 1367 1232 1398 ortum
1265 1361 1301 1398 in
1333 1359 1494 1411 capitulo
1526 1360 1670 1397 interno

190 1437 279 1475 radii
319 1437 479 1475 decurrit
517 1448 630 1487 super
666 1437 843 1473 internam
881 1436 1116 1486 superficiem
1164 1435 1262 1472 ossis
1307 1434 1410 1483 carpi
1449 1432 1596 1471 radialis
1635 1438 1672 1470 et

191 1511 351 1560 affigitur
380 1509 576 1548 musculari
605 1509 837 1547 tuberositati
868 1510 965 1546 ossis
997 1509 1212 1558 metacarpi.

304 1606 338 1644 d.
374 1604 465 1657 Liy.
496 1610 769 1643 transversum
800 1605 901 1641 ossis
932 1604 1053 1654 carpi
1080 1602 1256 1641 radiculis
1286 1606 1323 1640 et
1351 1602 1582 1653 metacarpi
1608 1602 1672 1640 in-

193 1686 308 1718 terest
346 1680 441 1717 inter
478 1677 709 1716 tuberculum
745 1676 896 1715 inferius
927 1677 1024 1714 ossis
1057 1677 1159 1727 carpi
1188 1675 1335 1714 radialis
1368 1681 1406 1713 et
1434 1677 1528 1713 inter
1556 1675 1672 1713 tube-

193 1755 386 1791 rositatem
417 1751 648 1803 pollicarem.

308 1862 342 1887 e.
373 1847 469 1899 1259.
501 1851 708 1885 eoeternum
739 1846 840 1884 ossis
871 1846 993 1897 carpi
1020 1844 1198 1883 radialis
1228 1848 1267 1882 et
1293 1845 1525 1895 metacarpz‘
1551 1844 1673 1882 inter-—

196 1928 253 1960 est
298 1923 393 1959 inter
430 1920 661 1959 tuberculum
700 1920 869 1970 superius
907 1920 1005 1957 ossis
1046 1920 1147 1970 carpi
1186 1918 1332 1957 radialis
1370 1924 1406 1956 et
1444 1917 1673 1956 tuberculum

195 1995 335 2034 radiale
367 1995 582 2045 metacarpi.

307 2091 331 2130 f.
366 2090 459 2142 Lz'y.
491 2091 686 2128 internum
718 2090 819 2127 ossis
850 2088 973 2139 carpi
999 2087 1175 2125 radialis
1205 2090 1245 2124 et
1269 2087 1498 2137 metae-arpi
1524 2087 1677 2124 interest

196 2167 291 2204 inter
330 2165 565 2215 superficiem
604 2165 781 2201 internam
814 2163 911 2200 ossis
943 2161 1091 2199 radialis
1123 2161 1224 2211 carpi
1255 2166 1291 2198 et
1321 2161 1415 2198 inter
1445 2159 1675 2198 tuberosita-

198 2244 271 2277 tem
303 2237 562 2285 muscularem,
594 2237 768 2274 adiacens
799 2235 1000 2285 ligamento
1031 2236 1174 2272 interno
1205 2233 1321 2271 ulnari
1343 2234 1438 2271 ossis
1461 2233 1674 2283 metacarpi.

309 2347 346 2384 g.
378 2332 473 2385 Liy.
495 2337 705 2371 externum
735 2331 836 2368 ossis
866 2331 985 2381 carpi
1014 2329 1171 2367 ulnare's
1202 2332 1241 2366 et
1267 2328 1496 2378 metae-arpi
1523 2329 1677 2366 interest

199 2408 293 2445 inter
330 2406 560 2445 tuberculum
600 2405 759 2443 anterius
798 2404 896 2442 ossis
935 2403 1037 2454 carpi
1071 2401 1208 2440 ulnaris
1246 2407 1283 2440 et
1321 2402 1416 2439 inter
1445 2399 1675 2439 tuberculum

199 2479 339 2517 ulnare.

312 2575 346 2613 h.
389 2573 485 2626 Liy.
509 2575 705 2612 internum
736 2572 837 2610 ossis
868 2572 990 2622 carpi
1025 2570 1183 2609 ulmzrt's
1221 2574 1259 2607 et
1293 2569 1524 2619 metaearpz'
1556 2574 1676 2606 ortum

200 2650 236 2686 in
281 2653 447 2686 extremo
493 2658 676 2698 processu
720 2646 892 2683 uncinato
938 2645 1035 2682 ossis
1081 2644 1183 2694 carpi
1226 2642 1361 2681 ulnaris
1400 2642 1560 2691 affigitur
1599 2641 1676 2678 ossi

200 2722 402 2772 metacarpi
432 2720 524 2759 infra
556 2721 634 2758 eius
665 2717 946 2757 tuberositatem
977 2716 1237 2756 muscularem.
