1752 2927
855 74 915 118 36

143 207 282 245 ossium
322 205 661 244 sternocostalium.
720 206 856 244 Earum
887 218 1091 258 quamque,
1133 208 1163 245 si
1202 214 1375 246 accurate
1405 210 1627 260 perscrutati

142 279 338 328 fuerimus,
388 280 533 319 duobus
572 279 795 319 tuberculis
832 286 998 318 ornatam
1038 281 1287 330 inveniemus,
1330 294 1425 333 quae
1462 294 1627 333 respon-

142 353 230 392 dent
266 353 410 393 duobus
451 353 633 392 similibus
662 356 853 405 utriusque
884 356 982 392 ossis
1028 355 1326 393 sternocostalis.
1398 356 1438 394 In
1484 367 1626 405 caryo-

142 433 288 466 catacte
330 426 380 466 illi
425 429 581 477 margini
630 429 696 466 tria
743 434 880 466 tantum
926 429 1049 479 priora
1086 439 1214 466 eorum
1251 428 1508 477 ossiculorum,
1555 429 1627 467 duo

142 507 262 540 autem
300 503 509 553 posteriora
549 503 704 551 margini
743 501 885 540 laterali
917 503 1030 540 sterni
1061 503 1185 540 iuncta
1217 508 1311 540 sunt.
1370 503 1407 541 Is
1437 505 1472 541 in
1503 503 1628 541 corvis

141 578 176 615 in
213 577 425 628 posteriore
463 582 568 628 parte
610 578 646 614 in
683 588 904 627 processum
936 582 993 614 sat
1022 588 1196 626 magnum
1228 582 1265 614 et
1294 576 1405 614 latum
1442 576 1626 628 procedit,

141 663 250 701 quem
272 649 520 688 Wiedemann
537 662 772 701 processum
794 648 1005 689 lateralem
1022 651 1226 700 posticum
1246 651 1422 688 nominat.
1476 649 1629 699 Obtegit

140 725 201 763 hic
231 736 279 762 ex
309 729 414 775 parte
444 724 516 762 duo
548 729 737 774 postrema
768 735 856 762 ossa
887 723 1174 762 sternocostalia
1211 729 1249 762 et
1281 735 1414 773 magna
1444 724 1626 761 incisura

141 797 265 845 ovali,
298 809 395 848 quae
424 797 638 835 membrana
668 796 840 835 tendinea
873 796 1125 844 concluditur,
1156 796 1202 835 ab
1234 798 1316 848 ipso
1349 803 1475 835 sterno
1507 808 1625 848 sepa-

141 877 250 910 ratur.
311 869 425 909 Cuius
455 870 640 908 incisurae
669 869 756 908 loco
788 871 823 908 in
855 875 1130 919 caryocatacte,
1161 871 1221 920 qui
1252 870 1338 908 ideo
1364 876 1402 908 et
1423 882 1445 919 a
1466 871 1627 909 caeteris

143 946 268 983 corvis
299 943 421 982 differt
451 948 488 981 et
518 942 564 981 ad
596 955 754 994 rapaces
785 955 875 981 aves
906 955 1025 994 prope
1056 943 1216 992 accedit,
1249 943 1320 982 duo
1352 943 1532 982 foramina
1563 945 1626 982 in—

142 1019 241 1067 veni,
274 1029 370 1069 quae
400 1018 479 1069 ipsa
511 1015 724 1055 membrana
756 1018 979 1068 operiuntur.

738 1149 789 1188 2.
839 1149 1028 1188 Cestae.

254 1241 295 1280 In
327 1242 451 1279 corvis
483 1246 569 1279 octo
602 1252 712 1292 pares
744 1242 865 1279 inveni
898 1246 1100 1289 costarum,
1133 1245 1290 1291 excepta
1313 1251 1468 1289 corone,
1500 1240 1534 1278 in
1557 1251 1627 1290 qua

143 1321 287 1367 septem
326 1320 463 1353 tantum
501 1314 755 1352 animadverti.
816 1314 951 1352 Earum
983 1313 1092 1351 binae
1124 1315 1331 1352 anteriores
1363 1319 1400 1351 et
1437 1312 1626 1364 quodam-

145 1388 257 1427 modo
288 1394 501 1439 postremae
539 1400 608 1439 pro
647 1389 762 1426 costis
793 1389 927 1439 spuriis
959 1386 1154 1426 ducendae
1186 1393 1279 1425 sunt.
1340 1387 1489 1426 Prima
1520 1399 1626 1425 ver-

144 1462 281 1501 tebra
313 1463 458 1501 minima
490 1463 650 1500 caeteris
682 1473 728 1500 eo
760 1467 938 1512 praestat,
969 1461 1067 1512 quod
1100 1460 1287 1512 capitulo
1318 1473 1451 1499 carens
1483 1459 1625 1499 tuber-

144 1535 236 1574 culo
266 1541 404 1574 tantum
435 1537 632 1587 processui
663 1541 877 1573 transverso
908 1534 1105 1572 vertebrae
1136 1546 1226 1572 suae
1256 1535 1428 1584 iungitur.

256 1609 424 1648 Altera
455 1608 686 1647 vertebra
726 1610 881 1659 primam
919 1608 999 1646 fere
1038 1607 1173 1658 triplici
1203 1613 1354 1659 superat
1384 1607 1627 1657 longitudine,

143 1695 218 1722 non
246 1689 368 1721 autem
399 1688 561 1720 sternum
592 1683 758 1732 attingit,
804 1681 872 1720 sed
907 1680 1108 1731 ligamento
1141 1680 1300 1732 quodam
1332 1693 1415 1719 cum
1445 1692 1629 1732 processu

144 1757 223 1795 eius
254 1756 388 1795 costali
418 1757 662 1795 connectitur.
723 1755 861 1793 Multae
891 1760 1014 1793 tamen
1044 1754 1250 1792 anomaliae
1280 1755 1523 1806 reperiuntur.
1576 1753 1628 1792 lta

143 1833 180 1870 in
221 1829 364 1869 sceleto
402 1829 561 1881 quodam
601 1841 763 1868 corones
803 1828 1003 1867 secundam
1063 1833 1205 1866 costam
1257 1827 1375 1866 altero
1429 1829 1466 1866 in
1510 1827 1627 1865 latere

144 1916 227 1943 cum
267 1910 392 1942 sterno
431 1916 500 1955 per
534 1903 773 1953 ligamentum
812 1904 1070 1951 coniunctam,
1121 1902 1157 1940 in
1200 1901 1318 1939 altero
1365 1907 1492 1939 contra
1539 1912 1629 1939 osse

144 1977 406 2017 sternocostali
437 1978 653 2015 instructam
684 1977 818 2015 inveni.
871 1975 982 2024 Quod
1012 1975 1058 2013 ad
1088 1974 1246 2014 formam
1277 1974 1467 2013 secundae
1498 1980 1629 2013 costae

144 2053 300 2103 eiusque
332 2057 369 2089 et
397 2050 595 2089 vertebrae
626 2062 715 2089 suae
748 2051 1050 2088 coniunctionem
1081 2050 1230 2097 attinet,
1263 2048 1445 2087 simillima
1477 2054 1536 2086 est
1564 2049 1628 2086 in-

144 2125 384 2177 sequentibus
422 2124 617 2163 vertebris.
694 2124 800 2171 Quae
837 2123 1033 2162 rotundato
1072 2129 1110 2161 et
1139 2122 1238 2161 collo
1271 2122 1416 2161 cuidam
1446 2121 1628 2160 insidente

145 2198 307 2251 capitulo
347 2210 431 2236 cum
469 2199 653 2236 anteriore
694 2199 866 2248 corporis
906 2208 996 2235 suae
1034 2196 1230 2234 vertebrae
1269 2201 1372 2247 parte
1410 2207 1455 2233 ac
1495 2195 1628 2233 deinde

144 2272 250 2311 brevi
287 2278 324 2310 at
363 2272 449 2310 forti
489 2270 680 2310 tuberculo
728 2283 810 2308 cum
853 2282 1038 2321 processu
1083 2275 1297 2307 transverso
1343 2270 1626 2319 coniunguntur.

144 2346 193 2384 Et
237 2344 434 2396 capitulum
474 2350 512 2382 et
548 2343 778 2383 tuberculum
817 2344 978 2381 incisura
1017 2349 1074 2380 sat
1111 2342 1181 2380 alta
1231 2348 1458 2393 separantur.
1520 2341 1627 2389 Quae

145 2420 331 2458 incisurae
362 2418 564 2456 secundum
596 2429 754 2469 corpora
785 2416 1038 2455 vertebrarum
1061 2415 1227 2454 canalem
1250 2415 1432 2466 quendam
1454 2415 1625 2454 formant.

146 2492 285 2532 Costae
321 2493 426 2543 ipsae
466 2491 617 2530 latiores
655 2492 692 2529 in
732 2491 943 2542 posteriore
981 2495 1108 2540 parte,
1158 2490 1195 2527 in
1239 2490 1405 2539 margine
1451 2489 1628 2527 inferiore

144 2565 301 2604 sulcum
338 2564 530 2603 costalem
569 2565 749 2616 praebent
787 2576 855 2616 pro
896 2564 1030 2602 arteria
1070 2569 1107 2601 et
1142 2575 1236 2601 vena
1276 2569 1312 2600 et
1351 2574 1465 2601 nervo
1505 2563 1625 2600 inter-

147 2639 298 2678 costali:
347 2639 407 2690 qui
454 2637 578 2676 sulcus
622 2638 703 2676 fere
745 2639 781 2676 in
827 2637 984 2675 mediam
1024 2642 1166 2675 costam
1204 2635 1385 2687 procedit.
1448 2635 1628 2686 Quaeque

148 2719 253 2751 costa
292 2718 378 2751 ante
416 2717 452 2750 et
491 2711 583 2750 infra
630 2711 815 2763 paullatim
860 2711 1051 2761 angustior
1095 2711 1129 2749 in
1176 2708 1396 2761 capitulum
1440 2708 1627 2760 obliquum
