1752 2927
882 89 945 133 40

175 220 428 269 scandentem,
462 221 522 271 qui
554 219 645 258 infra
673 221 865 270 foramen
895 217 1110 270 oblonyum
1141 231 1184 257 os
1205 218 1312 257 ischii
1335 230 1416 256 cum
1439 218 1546 270 pubis
1567 230 1654 257 osse

176 295 374 333 connectit.
415 293 495 332 Hoc
516 293 698 342 foramen,
727 292 880 343 longum
902 292 1048 343 quidem
1069 291 1136 330 sed
1157 297 1351 342 angustum
1376 303 1421 329 ac
1443 290 1655 330 membrana

175 367 331 420 quadam
370 367 541 405 tendinea
581 365 794 414 obtectum,
835 371 986 417 separat
1024 377 1067 403 os
1099 365 1206 404 ischii
1236 364 1282 404 ab
1316 377 1403 403 osse
1433 364 1556 417 pubis.
1614 364 1655 403 In

174 440 357 480 nonnullis
387 440 539 489 avibus,
572 441 608 478 in
639 439 773 490 quibus
802 451 925 478 ramus
957 439 1191 477 descendens
1223 450 1266 477 os
1295 438 1404 489 pubis
1434 450 1508 477 non
1539 439 1654 476 attin-

174 516 245 565 git,
290 515 365 553 hoc
402 513 570 552 foramen
609 514 792 551 incisurae
823 512 1049 552 ischiadicae
1080 512 1255 550 anteriori
1284 513 1454 561 iungitur.
1514 512 1555 550 ln
1586 523 1655 549 su-

176 590 326 640 periore
365 594 471 640 parte
507 590 698 639 foramen
735 585 953 638 oblonyum
991 587 1090 624 tenui
1129 597 1312 638 processu
1350 589 1410 637 qui
1441 597 1461 624 a
1493 596 1657 636 corpore

177 664 274 700 ossis
305 662 413 700 ischii
442 661 654 713 procedens
686 660 793 699 simili
825 660 970 699 cuidam
1002 661 1099 698 ossis
1130 659 1236 712 pubis
1261 661 1434 710 iungitur,
1466 665 1658 711 separatur

175 748 195 774 a
214 736 422 787 foramine
443 734 700 774 obturatorio
721 748 751 772 s.
775 733 900 778 ουαῐὶ,
933 734 1031 785 quod
1053 733 1165 772 multo
1187 735 1305 772 minus
1327 739 1491 784 apparet.
1537 733 1657 780 Quum

175 811 211 847 in
240 809 349 860 pullis
379 809 413 847 hi
445 820 648 859 processus
680 807 909 857 cartilaginei
941 808 1029 855 sint,
1070 819 1186 858 saepe
1217 808 1360 855 evenit,
1401 807 1433 844 si
1473 807 1508 844 in
1537 818 1656 857 prae-

176 882 328 934 parandi
367 893 481 933 opere
520 882 655 920 incauti
695 880 893 930 fuerimus,
943 886 982 918 ut
1020 880 1114 918 haec
1150 880 1329 918 foramina
1369 879 1558 918 confluere
1594 881 1657 918 vi-

177 956 341 994 deantur.

288 1028 460 1067 Ramus
506 1027 639 1066 deinde
684 1026 975 1076 ascendens,
1023 1028 1083 1078 qui
1128 1028 1246 1078 primo
1288 1026 1463 1077 disiungit
1491 1026 1659 1065 foramen

177 1102 418 1141 ischiadicum
449 1114 470 1140 a
500 1102 680 1140 foramine
711 1100 961 1149 obturatorio,
1008 1101 1110 1150 fingit
1148 1101 1350 1150 marginem
1382 1098 1565 1138 acetabuli
1594 1101 1657 1138 in-

178 1176 365 1224 feriorem,
397 1175 457 1214 ubi
489 1176 523 1213 in
544 1180 684 1226 partem
707 1175 928 1212 anteriorem
952 1178 989 1211 et
1009 1174 1256 1225 posteriorem
1279 1173 1459 1211 dividitur.
1519 1172 1654 1211 Earum

177 1249 291 1288 altera
329 1248 375 1287 ad
416 1260 459 1287 os
494 1247 603 1299 pubis
634 1247 820 1285 accedens
850 1248 945 1285 inter
974 1246 1206 1285 acetabulum
1237 1252 1273 1284 et
1302 1246 1469 1284 foramen
1499 1246 1656 1284 obtura-

177 1324 310 1361 torium
342 1323 517 1370 interest,
567 1321 681 1359 altera
713 1321 805 1359 infra
845 1321 1078 1372 superficiem
1117 1319 1216 1358 illam
1252 1319 1504 1368 articularem,
1549 1332 1657 1370 quam

178 1407 288 1447 supra
317 1394 549 1434 acetabulum
582 1396 780 1444 cernimus,
813 1395 891 1433 ossi
920 1394 980 1432 ilei
1011 1395 1133 1432 iuncta
1164 1393 1395 1432 acetabulum
1426 1405 1447 1432 a
1477 1393 1658 1432 foramine

178 1469 381 1508 ischiadico
412 1469 584 1519 seiungit.

747 1575 799 1614 3.
849 1574 916 1614 Os
939 1575 1093 1624 pubis.

292 1661 374 1700 Hoc
411 1672 454 1699 os
493 1659 669 1710 longum,
719 1666 829 1698 tenue
866 1671 938 1697 nec
978 1666 1107 1698 costae
1146 1658 1322 1697 dissimile
1353 1670 1434 1696 cum
1465 1659 1659 1710 superiore

179 1741 282 1787 parte
314 1747 432 1786 eaque
463 1735 666 1783 crassiore,
699 1745 807 1784 quam
838 1745 905 1784 pro
939 1745 1098 1784 corpore
1129 1733 1267 1771 habere
1297 1744 1516 1784 possumus,
1546 1738 1658 1770 ante-

179 1810 314 1847 riorem
346 1807 529 1846 acetabuli
562 1808 764 1857 marginem
796 1806 952 1855 format,
993 1807 1027 1845 in
1058 1818 1180 1858 eoque
1211 1817 1320 1857 supra
1352 1818 1433 1844 cum
1465 1817 1554 1843 osse
1582 1805 1657 1854 ilei,

182 1883 274 1921 infra
315 1894 397 1921 cum
435 1893 537 1920 ramo
577 1880 805 1919 ascendente
845 1881 943 1918 ossis
973 1880 1080 1918 ischii
1112 1881 1298 1918 convenit.
1357 1878 1447 1918 Inde
1478 1891 1522 1917 os
1552 1878 1659 1929 pubis

182 1956 355 1994 deorsum
387 1961 423 1993 et
452 1954 498 1993 ad
529 1954 686 1992 frontem
720 1953 953 1992 descendens
985 1952 1052 1991 sub
1084 1953 1191 1991 linem
1221 1952 1345 2004 paullo
1368 1952 1458 1990 infra
1480 1951 1658 1990 flectitur:

181 2029 271 2067 infra
303 2029 470 2067 foramen
501 2027 779 2076 obturatorium,
811 2026 909 2078 quod
942 2039 1023 2065 cum
1054 2028 1220 2076 margine
1250 2027 1392 2064 interno
1424 2025 1580 2076 quadam
1612 2037 1660 2063 ex

180 2108 285 2155 parte
315 2102 461 2149 format,
493 2103 744 2140 intumescens
777 2112 857 2138 cum
889 2112 1070 2152 processu
1102 2101 1199 2138 ossis
1230 2100 1336 2138 iscliii
1367 2111 1478 2150 supra
1510 2110 1658 2136 memo-

181 2183 261 2214 rato
294 2176 478 2213 convenit.
536 2174 626 2212 Inde
655 2175 774 2223 magis
805 2175 997 2224 magisque
1028 2175 1172 2211 tenuius
1204 2173 1242 2211 fit
1272 2178 1328 2218 et,
1370 2177 1454 2210 ante
1492 2171 1659 2210 foramen

183 2249 385 2298 oblongum
416 2247 664 2294 descendens,
696 2258 833 2284 ramum
866 2247 965 2284 ossis
996 2246 1101 2284 ischii
1133 2245 1420 2284 descendentem
1451 2245 1596 2294 attingit
1615 2256 1659 2283 ac

183 2321 315 2360 deinde
346 2323 380 2359 in
409 2322 570 2372 spinam
600 2325 657 2358 sat
686 2318 836 2369 longam
867 2319 1048 2369 procedit.

353 2396 576 2449 Appendix:
623 2397 935 2436 Acetabulum
975 2397 1128 2435 eandem
1174 2396 1285 2435 habet
1330 2396 1506 2443 formam,
1552 2407 1659 2446 quam

241 2474 398 2511 caeteris
428 2474 462 2510 in
493 2472 622 2510 avibus
655 2471 908 2509 observamus.
971 2470 1237 2521 Super-ficiem
1268 2468 1528 2507 artic-zelarem
1565 2480 1659 2519 quae

240 2547 335 2584 inest
364 2546 399 2583 in
425 2546 503 2583 eius
534 2545 699 2594 margine
730 2545 943 2595 superiore,
976 2555 1144 2592 magnam
1176 2548 1213 2581 et
1242 2542 1387 2594 planam
1418 2547 1528 2593 atque
1558 2541 1658 2591 liga-

241 2624 363 2657 mento
397 2629 477 2656 cum
510 2617 651 2655 femore
683 2618 915 2654 coniunctam
946 2617 1079 2654 inveni.
