1752 2927
815 93 874 137 23

107 225 198 260 sium
229 227 314 273 post
345 233 430 259 ossa
462 221 619 272 palatina
649 223 728 273 ipsa
768 228 804 260 et
841 222 933 260 infra
969 227 1127 260 rostrum
1167 221 1432 273 sphenoideum
1473 227 1581 272 atque

107 295 261 333 orbitam
294 297 458 342 sitorum,
502 295 560 332 vel
592 296 802 333 insertionis
841 294 1087 333 musculorum
1124 295 1465 345 pterygoideorum.
1506 293 1581 332 Sed

107 380 264 419 quonam
303 369 381 405 iure
419 380 461 405 ea
500 380 567 419 pro
615 368 683 406 alis
721 368 922 406 minoribus
958 367 1102 418 plurimi
1150 367 1338 416 duxerint,
1376 366 1582 417 intelligere

105 453 179 478 non
209 453 374 491 possum.

592 513 675 552 10.
709 513 832 552 Ossa
856 513 1096 562 quadrata.

220 593 376 630 Retineo
407 591 441 629 id
471 603 619 640 nomen,
652 604 761 641 quum
792 590 838 629 ab
871 591 1039 628 omnibus
1070 596 1259 641 receptum
1291 597 1327 629 et
1347 585 1582 642 perspectum

109 666 167 712 sit,
199 666 365 714 quamvis
396 675 470 702 non
501 676 650 713 negem,
691 664 926 702 Tiedemanni
965 663 1271 713 significationem
1311 677 1402 701 ossa
1433 664 1585 703 articu-

108 736 218 774 laria
250 749 333 775 esse
364 737 656 788 praeferendam.
718 737 821 775 Haec
861 748 946 775 ossa
986 736 1065 774 fere
1096 736 1400 786 quadrangularia
1434 749 1480 774 ex
1510 748 1583 774 an—

107 812 244 848 teriore
284 816 321 847 et
359 811 567 861 posteriore
604 815 709 861 parte
749 816 920 860 tanquam
958 821 1176 860 compressa
1216 815 1310 848 sunt.
1379 809 1516 847 Eorum
1548 810 1583 846 in

107 889 263 933 utroque
295 889 492 921 cernuntur
523 895 726 933 processus
758 884 931 934 quinque,
972 888 1047 920 tres
1086 883 1299 933 superiores
1339 888 1375 919 et
1412 882 1483 920 duo
1522 882 1584 919 in-

111 956 281 1003 feriores,
313 968 386 1006 quo
418 957 565 993 nomine
597 967 643 993 ex
674 961 778 1006 parte
808 957 869 993 vix
902 955 1000 1005 digni
1023 961 1116 992 sunt.
1176 954 1401 992 Processus
1421 954 1585 991 auricu-

109 1028 229 1072 lares,
261 1034 297 1066 et
324 1029 507 1066 anterior
537 1034 572 1066 et
596 1027 818 1079 posterior,
842 1027 919 1078 (vel
950 1029 979 1065 si
1010 1028 1216 1066 Platnerum
1248 1040 1457 1079 sequamur,
1485 1040 1584 1078 pro-

110 1114 243 1138 cessus
280 1113 516 1152 squamosus
561 1107 596 1138 et
629 1112 849 1151 processus
889 1101 983 1137 cavi
1018 1101 1214 1151 tympani)
1261 1100 1340 1138 aliis
1378 1102 1413 1138 in
1452 1100 1582 1137 avibus

107 1174 215 1225 plane
246 1175 418 1224 separati,
449 1173 545 1224 apud
577 1185 714 1211 corvos
745 1175 780 1211 in
810 1175 953 1211 unicum
987 1185 1202 1223 processum
1235 1173 1378 1211 duobus
1417 1172 1584 1222 condylis

108 1247 309 1298 praeditum
342 1246 540 1284 confluunt.
591 1244 791 1285 Incisuram
824 1246 1002 1297 quandam
1033 1247 1067 1283 in
1100 1247 1297 1296 superficie
1329 1247 1426 1284 ossis
1448 1252 1584 1296 poste-

108 1322 206 1358 riore
237 1321 365 1358 nescio
397 1331 440 1357 an
473 1320 654 1358 ducamus
683 1331 750 1370 pro
772 1321 873 1357 initio
897 1321 1144 1369 separationis
1165 1331 1421 1369 processuum.
1482 1318 1587 1356 Pro-

111 1404 243 1430 cessus
279 1391 526 1429 auricularis
560 1392 771 1442 posterior
808 1394 843 1429 in
879 1392 1060 1442 profundo
1102 1394 1181 1429 cavi
1223 1394 1385 1443 tympani
1425 1392 1585 1441 condylo

111 1466 255 1503 cuidam
296 1466 393 1502 ossis
455 1467 618 1516 petrosi,
681 1471 808 1503 contra
851 1477 1070 1515 processus
1114 1464 1362 1502 auricularis
1406 1465 1588 1503 anterior

109 1538 236 1576 fossae
266 1538 465 1588 glenoidali
496 1550 671 1589 squamae
702 1544 906 1588 temporum
939 1539 1109 1587 iungitur.
1168 1538 1282 1575 Multo
1315 1539 1442 1585 maior,
1475 1539 1586 1576 immo

109 1611 217 1662 plane
253 1613 415 1649 'omnium
455 1613 648 1659 maximus,
681 1616 737 1648 est
763 1623 979 1661 processus
1009 1610 1082 1658 ille,
1121 1623 1229 1660 quem
1260 1610 1406 1648 Platner
1434 1624 1588 1649 museu-

111 1684 233 1722 larem
272 1685 490 1732 nominavit,
538 1684 638 1735 quod
681 1685 788 1730 huic,
836 1685 896 1734 qui
935 1683 1155 1721 movendum
1194 1695 1237 1721 os
1269 1684 1482 1734 quadratum
1514 1696 1586 1721 cu-

109 1764 201 1806 rant,
234 1758 388 1796 musculi
418 1758 516 1796 affixi
548 1764 640 1795 sunt.
700 1759 732 1796 A
772 1769 955 1808 processu
993 1757 1184 1795 auriculari
1222 1758 1403 1796 ine-[sura
1431 1757 1588 1795 semilu—

109 1831 208 1868 uari
235 1833 323 1868 satis
354 1831 424 1869 alta
457 1837 678 1880 segregatus
709 1832 743 1868 in
775 1831 845 1868 fine
877 1832 1032 1878 interno,
1066 1831 1126 1881 qui
1157 1836 1264 1881 septo
1288 1831 1487 1868 orbitarum
1511 1830 1586 1868 ob-

111 1906 276 1951 vertitur,
307 1904 491 1954 paullatim
523 1904 629 1942 latior
658 1904 696 1942 fit
727 1909 763 1941 et
791 1905 954 1952 tenuior,
989 1905 1036 1941 ita
1075 1909 1113 1941 ut
1149 1903 1229 1941 fere
1268 1903 1381 1941 batilli
1421 1905 1586 1954 speciem

114 1976 304 2027 praebeat,
337 1982 498 2027 excepto
531 1981 805 2026 caryocatacte,
838 1978 871 2014 in
903 1988 975 2026 quo
1015 1988 1216 2027 processus
1257 1976 1423 2014 orbitalis
1453 1982 1586 2014 rotun-

113 2049 218 2087 datus
249 2055 415 2099 apparet.
476 2049 630 2087 Inferior
664 2061 750 2099 pars
793 2050 889 2086 ossis
929 2048 1094 2099 quadrati
1134 2050 1212 2086 sive
1248 2061 1465 2098 processus
1495 2062 1588 2086 eon-

113 2122 325 2174 (Igyloz'deus
354 2128 511 2171 constat,
551 2124 581 2160 si
611 2135 687 2160 rem
719 2123 926 2159 accuratius
958 2127 1168 2169 tractemus,
1213 2135 1233 2160 e
1264 2122 1405 2160 duobus
1437 2123 1586 2172 condy-

112 2196 156 2234 lis
187 2197 280 2234 inter
311 2208 352 2233 se
382 2195 484 2233 fossa
516 2195 715 2245 glenoidali
747 2197 939 2246 separatis,
978 2195 1023 2233 ad
1056 2208 1149 2246 quos
1180 2195 1326 2233 accedit
1354 2197 1481 2233 tertius
1512 2197 1586 2233 mi-

114 2282 183 2308 nor
213 2269 358 2320 quidam
391 2275 427 2306 et
457 2270 517 2306 vix
548 2269 679 2318 dignus
710 2270 856 2307 nomine
886 2280 1102 2319 processus.
1164 2268 1301 2306 Omnes
1324 2274 1399 2306 tres
1423 2280 1586 2319 proces-

115 2355 178 2380 sus
224 2342 334 2380 modo
380 2343 571 2380 memorati
617 2348 843 2380 connectunt
888 2354 929 2379 os
985 2342 1199 2392 quadratum
1252 2353 1333 2379 cum
1379 2341 1586 2379 mandibula

112 2415 298 2453 inferiore.
365 2414 589 2452 Processus
627 2414 920 2465 eomlyloz'deus
950 2415 1132 2452 internus
1179 2420 1349 2452 caeteros
1396 2416 1586 2464 magnitu-

116 2488 199 2526 dine
229 2493 397 2538 superat3
436 2488 617 2526 maximus
647 2493 766 2525 autem
805 2489 838 2525 in
869 2487 1063 2525 monedula
1094 2489 1285 2525 invenitur.
1345 2487 1384 2525 In
1422 2489 1588 2536 margine

116 2561 194 2598 eius
223 2562 366 2598 interno
404 2572 554 2610 parvum
595 2566 652 2597 est
682 2559 948 2603 tuberculum,
989 2562 1024 2598 in
1057 2572 1129 2610 quo
1162 2561 1270 2598 fixum
1303 2566 1360 2597 est
1392 2559 1586 2610 capitulum

116 2635 212 2671 ossis
234 2632 479 2683 pterygoidei.
525 2630 746 2670 Processus
767 2633 1059 2684 condyloicleus
1083 2634 1307 2684 posterior,
1338 2632 1411 2670 hoc
1442 2622 1587 2670 nomine

113 2707 174 2744 vix
207 2706 351 2755 dignus,
383 2717 450 2756 pro
480 2710 584 2756 parte
615 2707 802 2756 sequentis
833 2705 960 2744 haberi
990 2712 1124 2756 potest.
1185 2706 1312 2755 Itaque
1342 2717 1424 2742 eum
1455 2703 1588 2742 tuber-
